2661 3408
310 245 845 301 m-m·mmw,
884 239 983 286 loce
1017 253 1044 285 e
1073 238 1291 285 viridocfi
1321 239 1526 286 mutantia
1554 237 1737 285 facetiae
1768 237 1954 285 fort-an
1993 259 1998 276 ι
2079 296 2084 299 ξ
2158 257 2202 299 2.

311 326 530 393 arcessitis}
555 322 723 367 herbis
743 323 898 380 nient,
922 322 1005 368 -sed
1029 323 1074 367 in
1103 324 1196 381 ipsa
1224 322 1320 380 ina,
1350 336 1474 380 quam
1503 321 1603 367 honi
1633 322 1822 368 homine-
1846 317 2209 389 μακε-ιιι,
2527 365 2535 382 ,-

307 408 508 454 cessitate
542 407 702 464 iamt,
743 407 893 466 quippe
929 407 1045 452 cuius
1070 412 1241 464 praeter
1265 405 1382 450 chori
1411 418 1616 463 personas
1650 407 1694 449 in
1727 405 1807 450 hac
1831 404 1974 450 fabula
2000 410 2050 450 et
2077 403 2189 469 aliu
2315 398 2317 400 ’
2346 410 2365 428 γ’
2528 409 2533 417 ’

309 504 518 536 memores
542 489 646 548 snit,
676 488 800 535 modo
827 491 975 536 mirum
1003 490 1048 535 in
1076 489 1244 535 modum
1270 489 1582 535 obliviscantur.
1640 489 1788 546 Itaipie
1820 503 1965 533 earum
1991 488 2194 535 socon&
2209 488 2348 536 vd·

311 574 407 620 litas
438 574 603 632 saepius
634 587 660 617 a
690 571 892 618 Koechlio
928 578 1041 617 tecte
1066 573 1251 630 carpitur
1264 571 1340 627 ,ἡ
1375 571 1485 628 quod
1518 585 1611 615 cum
1635 571 1852 630 praeclare
1877 570 2139 631 intelligant,
2176 570 2232 619 ab
2296 599 2298 601 >
2331 551 2398 635 fs?

313 664 490 702 mortem
519 670 603 700 non
635 656 807 714 amplius
837 657 991 701 evitari
1014 668 1163 713 posse,
1198 655 1299 699 deos
1335 660 1472 698 tamen
1492 638 1552 698 'et
1577 655 1709 713 ipsam
1739 654 1933 699 Alcestin
1958 653 2152 714 procum
2178 653 2379 717 tufi-t}

314 741 526 792 desinant,
567 745 614 782 ut
645 739 795 783 diutius
827 739 906 782 hac
938 738 1032 782 luce
1061 738 1145 781 frui
1180 743 1224 781 et
1254 739 1363 781 inter
1389 750 1489 782 suos
1524 739 1655 782 vitam
1686 750 1814 796 porro
1840 737 1999 795 degere
2025 739 2071 783 ei
2102 736 2235 789 meu
2253 743 2306 784 ‘et
2334 736 2486 800 m

312 823 402 870 Nos
431 836 564 877 vero,
600 828 646 866 ut
679 837 759 866 una
791 836 921 880 opera
950 821 1092 879 plures
1119 836 1189 865 res
1219 830 1513 878 assequamur,
1555 820 1634 863 hac
1667 823 1799 877 prima
1831 819 1972 864 oblata
2001 823 2319 879 uppem
2343 824 2498 883 b*
2525 832 2589 876 sgr*

312 906 451 952 locum
482 904 764 964 expediemus.
828 905 1009 950 Primum
1045 906 1172 961 igitur
1207 918 1430 962 ponamus,
1471 917 1561 947 rem
1596 905 1676 959 ita,
1715 909 1763 946 ιιι
1790 903 2016 948 Koechlius
2043 918 2144 948 eam·
2167 904 2393 962 insu-a,
2423 916 2479 963 ῳ

312 988 494 1045 habere,
537 994 580 1032 et
609 987 816 1033 Alcestidi
848 993 1025 1032 mortem
1056 987 1227 1046 perinde
1257 986 1388 1033 fuisse
1418 986 1614 1042 fatalem,
1657 1000 1708 1030 ac
1738 985 1859 1031 nobis
1891 988 1971 1043 sit,
2007 985 2161 1033 ideone
2198 999 2357 1046 precum
2376 986 2504 1035 &s
2530 994 2532 996 ’

313 1073 454 1116 statim
489 1071 687 1114 ridiculae
723 1071 935 1115 cuiusdam
966 1070 1185 1115 socordiae
1215 1071 1366 1113 indicia
1400 1068 1674 1113 habebimus?
1734 1069 1885 1122 Quidni
1924 1074 2056 1115 testes
2089 1071 2321 1115 animorum
2350 1083 2477 1118 ms
2550 1050 2580 1088 ’ζ’
2644 1108 2661 1131 2,

313 1153 566 1199 motiorum?
627 1153 733 1208 Quid
773 1159 840 1199 est
874 1159 1010 1198 autem
1046 1153 1232 1209 facilius,
1276 1159 1320 1197 et
1356 1153 1517 1209 levius,
1562 1166 1683 1210 quam
1722 1152 1857 1197 verba
1894 1155 2139 1198 commotius
2170 1154 2280 1198 dicta
2309 1161 2476 1213 nom-u,
2639 1130 2661 1159 Ἃ

314 1243 358 1283 et
382 1239 614 1294 restinctis,
655 1243 701 1282 ut
731 1238 789 1282 ait
815 1235 989 1289 Cicero,
1029 1239 1259 1281 animorum
1284 1236 1483 1281 incendiis
1519 1236 1728 1281 irridere?
1789 1236 1875 1282 Sed
1905 1237 1991 1281 illic
2026 1238 2191 1295 quidem
2221 1238 2300 1283 hac
2332 1253 2475 1283 exeu-

312 1322 477 1366 satione
513 1333 597 1364 non
631 1333 735 1379 opus
776 1325 854 1364 est.
926 1319 1070 1364 Omnis
1101 1321 1210 1363 enim
1246 1319 1318 1363 illa
1358 1319 1541 1379 mythica
1576 1318 1741 1376 fabula,
1795 1333 1853 1364 ex
1890 1334 1971 1378 qua
2011 1320 2116 1366 haec
2150 1323 2339 1367 manavit
2377 1324 2474 1367 sive

313 1403 554 1460 tragoedia,
594 1405 687 1448 sive
721 1402 1073 1460 tragicomoedia,
1114 1404 1215 1448 satis
1250 1402 1301 1447 ab
1333 1402 1405 1447 illa
1438 1401 1556 1447 fatali
1586 1403 1838 1448 necessitate
1875 1409 2058 1449 remotas
2092 1405 2210 1463 ponit
2240 1410 2474 1464 temporum

311 1486 601 1544 hominumque
639 1487 910 1531 conditiones.
982 1486 1089 1540 Quid
1123 1486 1232 1544 quod
1265 1487 1308 1529 in
1338 1488 1429 1544 ipso
1460 1486 1579 1529 huius
1609 1485 1776 1529 fabulae
1807 1486 1986 1545 prologo
2021 1487 2179 1547 Apollo
2209 1492 2473 1547 spectatores

314 1568 366 1613 de
393 1569 471 1613 hac
502 1575 732 1627 temporum
767 1570 1014 1614 diversitate
1045 1571 1319 1625 commonuit,
1332 1570 1415 1624 ⁴⁸⁵)
1448 1571 1490 1612 in
1522 1570 1639 1612 exitu
1669 1571 1760 1627 ipsa
1792 1569 1978 1613 Alcestis
1992 1602 2006 1626 ,
2047 1576 2268 1629 postquam
2296 1576 2474 1616 mortem

312 1651 436 1709 obiit,
480 1667 559 1711 ope
592 1652 782 1696 Herculis
818 1652 966 1697 valens
997 1657 1041 1695 et
1081 1654 1246 1710 integra
1286 1652 1467 1697 Admeto
1504 1652 1766 1697 restituitur?
1844 1653 1951 1707 Quid
1982 1654 2183 1713 denique,
2233 1655 2343 1713 quod
2381 1656 2473 1713 ipsa

312 1735 384 1780 illa
413 1737 573 1780 vicaria
608 1741 651 1780 et
675 1736 910 1782 voluntaria
940 1735 1166 1781 Alcestidis
1198 1749 1311 1781 mors
1338 1741 1454 1779 arcte
1484 1742 1582 1795 apta
1609 1742 1653 1781 et
1686 1750 1800 1781 nexa
1830 1742 1896 1782 est
1922 1751 1981 1781 ex
2009 1737 2188 1796 quodam
2213 1738 2329 1783 Iovis
2363 1751 2473 1783 con·

313 1820 429 1875 silio,
448 1818 560 1875 ”⁴0
594 1833 674 1878 quo
709 1825 803 1878 post
834 1820 1060 1879 permultos
1095 1819 1282 1864 homines
1312 1819 1557 1879 Aesculapii
1598 1827 1690 1866 arte
1728 1827 1771 1865 et
1811 1821 2015 1866 medicina
2055 1836 2081 1865 e
2115 1828 2250 1867 morte
2281 1824 2471 1868 resusci-

313 1909 422 1948 tatos
807 1965 932 2009 Pater
962 1966 1221 2023 omnipotens
1256 1989 1310 1995 —
1341 1971 1389 2009 ut
1419 1967 1477 2009 ait
1501 1965 1705 2022 Virgilius
1743 1990 1797 1996 —-

807 2047 903 2106 Ipse
938 2053 1198 2106 repertorem
1228 2048 1479 2092 medicinae
1511 2049 1623 2091 talis
1654 2055 1701 2092 et
1732 2051 1870 2100 artis,
1966 2091 1968 2093 ,

806 2131 996 2175 Fulmine
1030 2130 1337 2187 Phoebigenam
1368 2130 1540 2189 Stygias
1582 2131 1756 2174 detrusit
1787 2131 1840 2174 ad
1873 2131 2037 2175 undas?
2053 2132 2112 2187 ᾧ)

311 2234 374 2280 Ita
400 2234 563 2293 quidem
592 2240 750 2279 tantum
780 2233 922 2290 abest,
953 2240 1000 2278 ut
1026 2234 1273 2279 scintillulae
1300 2235 1402 2279 illae
1428 2235 1600 2279 alicuius
1632 2237 1723 2293 spei
1753 2235 1826 2280 vel
1857 2235 2075 2293 speculae,
2107 2249 2208 2294 quas
2239 2237 2281 2279 in
2309 2249 2469 2280 summo

310 2318 424 2363 luctu
457 2318 662 2363 interdum
697 2317 850 2363 fovere
885 2317 1104 2373 videntur,
1147 2317 1318 2362 huiusce
1363 2319 1527 2376 quidem
1558 2317 1730 2377 'fabulae
1769 2320 1961 2376 personis
1999 2318 2249 2363 invidendae
2280 2324 2324 2362 et
2353 2318 2469 2362 ludi-

310 2399 403 2444 brio
444 2400 719 2459 exponendae
763 2402 870 2456 sint,
916 2405 962 2443 ut
1004 2413 1059 2444 ne
1097 2398 1344 2444 herbarum
1387 2400 1550 2459 quidem
1590 2402 1790 2444 istarum
1830 2402 2104 2457 mentionem,
2152 2415 2274 2459 quam
2313 2401 2469 2445 nullam

311 2483 524 2541 fecerim,
562 2486 599 2529 si
631 2498 752 2542 quam
778 2484 959 2527 maxime
984 2482 1206 2535 fecissent,
1247 2482 1401 2527 derisui
1431 2484 1483 2528 iis
1513 2482 1759 2529 deberemus
1791 2485 2069 2544 interpretari.

496 2566 582 2611 Sed
612 2569 695 2611 iam
728 2567 946 2611 redeamus
988 2579 1040 2610 eo
1055 2599 1068 2622 ,
1109 2566 1217 2610 unde
1257 2566 1466 2624 paululum
1506 2565 1681 2611 deflexit
1724 2549 1960 2626 disputatio.
2034 2566 2180 2611 Finitis
2217 2567 2345 2624 igitur
2384 2567 2467 2613 illis

312 2648 428 2693 chori
459 2650 646 2694 cantibus
679 2650 745 2705 (ιτ.
768 2650 880 2705 140)
922 2663 980 2693 ex
1017 2649 1187 2693 aedibus
1218 2649 1388 2693 Admeti
1417 2649 1568 2693 ancilla
1599 2649 1836 2708 egreditur,
1880 2655 1947 2706 et,
1994 2655 2212 2709 postquam
2247 2649 2302 2694 de
2326 2650 2468 2695 Alce-

312 2731 419 2777 stide
450 2733 578 2777 multa
614 2733 666 2777 ad
706 2734 865 2778 animos
904 2734 1170 2777 miseratione
1201 2732 1528 2778 commovendos
1567 2735 1779 2793 aptissima
1813 2734 2026 2790 narravit,
2074 2713 2379 2780 sciscitantibus
2414 2734 2468 2779 de

361 2917 408 2962 ἕ)
433 2916 498 2954 l.l.
525 2930 562 2968 p.
575 2916 650 2955 369
677 2921 715 2956 et
741 2915 816 2955 370
843 2917 892 2955 ad
917 2930 952 2955 v.
972 2915 1112 2955 Alcest.
1146 2915 1232 2954 219.
1248 2915 1334 2955 249.
1644 2919 1715 2963 Η)
1744 2917 1790 2955 cs.
1813 2916 1953 2955 Alcest.
1980 2930 2013 2953 v.
2037 2914 2094 2954 13.

362 3011 459 3054 ιωΜ’)
486 3009 626 3049 Alcest-
654 3024 688 3048 ν.
703 3010 740 3055 4,
766 3024 797 3048 v.
818 3009 876 3048 17.
1148 3011 1197 3055 ·Ι·)
1224 3009 1352 3060 virgil.
1377 3008 1521 3048 Aeneis
1546 3009 1626 3049 vll.
1656 3008 1741 3046 770.

2125 3104 2147 3140 2
2164 3104 2185 3126 C·
