2661 3408
859 180 1058 220 excurrat
1094 179 1217 234 atque
1260 176 1529 234 exspatietur.
1603 175 1664 234 Et,
1688 177 1753 220 ita-
1779 176 1943 235 quidem
1972 176 2128 222 sactum
2163 183 2249 234 est,
2277 177 2335 232 [ut

706 256 766 302 ‘et
782 249 784 252 ’
802 260 1063 317 sagacissimi
1103 258 1156 300 ad
1191 258 1542 315 interpretandum
1581 260 1665 302 viri
1706 262 1749 302 in
1788 260 1852 303 his
1878 260 2030 304 fabulis
2064 251 2123 304 ab
2144 250 2332 314 omnibus
2375 294 2378 296 Α

526 324 701 401 semper
738 342 841 387 satis
879 354 1036 386 cavere
1068 341 1301 398 potuerint,
1352 341 1427 385 sed
1468 340 1576 385 baud
1615 356 1713 386 raro
1745 341 1817 386 vel
1848 344 1905 387 ita
1943 344 1986 387 in
2016 345 2067 388 iis
2098 343 2204 401 lapsi
2237 358 2333 390 esse

424 430 472 482 ut
488 423 625 495 jmodo
656 423 832 469 facetias
860 424 973 469 serio
1005 424 1267 481 acciperent,
1298 422 1421 467 modo
1453 423 1767 470 lamentationes
1800 438 1883 469 non
1911 426 2122 471 simulatas
2153 428 2195 470 in
2217 426 2332 471 ludi-

274 616 276 619 <
341 570 518 655 Insigne
545 597 684 636 autem
724 592 814 635 eius
855 592 918 634 rei
950 590 1237 634 documentum
1277 595 1342 633 est
1373 589 1598 656 Euripiden
1630 590 1701 634 illa
1733 590 1898 647 fabula,
1958 605 2064 649 quae
2096 593 2331 638 inscribitur

150 652 357 728 mus.
429 676 548 731 Quae
589 680 807 734 postquam
852 673 921 717 diu
956 687 1034 731 pro
1066 686 1173 717 vera
1213 678 1255 715 et
1282 686 1482 729 germana
1515 674 1732 731 tragoedia
1763 674 1900 719 hahita
1938 681 2025 730 est,
2074 676 2222 721 deinde
2252 691 2329 735 pro

152 759 376 827 modia
403 759 591 818 quidem,
620 757 695 803 sed
724 771 830 814 quae
861 770 945 800 non
973 757 1074 801 satis
1108 755 1160 799 ad
1192 756 1294 799 artis
1325 762 1550 814 praecepta
1579 764 1692 802 esset
1723 759 1966 815 composita,
1997 760 2193 817 paulatim
2224 763 2331 805 inter

84 844 277 889 ἥρω
306 841 481 898 doctos,
522 854 548 884 a
578 841 790 896 Lessingii
831 844 873 882 et
894 839 1067 883 Deninae
1105 838 1366 896 opinionibus
1401 839 1613 897 profecta,
1659 855 1709 884 ea
1737 843 1779 884 in
1812 841 1901 885 dies
1934 844 2069 899 magis
2104 845 2329 889 increbruit

0 925 51 978 ζῶ
65 917 129 986 '3
136 926 387 996 sententia,
418 937 499 984 qua
529 923 581 967 ad
613 923 791 980 aliquam
822 922 1016 980 satyricae
1045 920 1213 964 fabulae
1244 921 1548 965 similitudinem
1576 923 1779 967 accedere
1814 910 2043 999 putabassr.
2108 927 2199 971 Jam
2222 942 2328 973 vero

0 1005 6 1010 ’
125 1011 227 1067 -vir
254 1010 513 1066 ingeniosus,
542 1007 804 1050 Hermannus
835 1005 1086 1059 Koechlius‚
1118 1017 1274 1047 novam
1305 1005 1439 1048 denuo
1473 1012 1514 1048 et
1541 1007 1737 1049 antehac
1748 1008 1969 1051 inauditam
2001 1009 2072 1052 illa
2104 1010 2156 1053 de
2187 1011 2327 1054 fabula

113 1093 401 1139 '‘sutentiam
430 1092 480 1134 in
502 1091 605 1133 actis
640 1088 723 1132 illis
756 1088 975 1142 HterariiS‚
1007 1100 1114 1144 quae
1141 1086 1351 1131 Robertus
1380 1088 1503 1132 Prutz
1537 1089 1686 1145 edidit,
1716 1093 1859 1148 paucis
1890 1091 2039 1135 abhinc
2071 1095 2188 1137 annis
2220 1108 2327 1151 pro-

62 1162 64 1165 *
112 1159 313 1235 -ffossssus
334 1180 376 1219 et
406 1177 745 1230 argumentorum
773 1170 1057 1214 adiunctorum
1089 1169 1226 1227 aliqua
1257 1171 1515 1229 supellectile
1545 1172 1725 1230 probare
1760 1179 1883 1231 atque
1917 1176 2124 1219 instruere
2155 1183 2326 1222 conatus

152 1256 229 1309 est}
247 1262 301 1318 ἰ)
364 1260 566 1319 Opinatur
593 1261 726 1315 enim
762 1264 807 1302 ut
838 1257 905 1302 hic
937 1259 1111 1316 primum
1143 1267 1232 1300 rem
1265 1255 1453 1299 breviter
1488 1260 1530 1298 et
1558 1256 1796 1312 vocabulis,
1829 1269 1935 1314 quae
1966 1260 2008 1303 in
2036 1265 2127 1304 arte
2159 1260 2325 1304 scenica

151 1350 398 1400 versantur,
443 1344 601 1396 dicam,
649 1342 890 1400 Euripidem
921 1341 999 1384 hac
1041 1340 1204 1398 quidem
1236 1338 1376 1382 fabula
1411 1338 1713 1396 spectatoribus
1758 1342 1931 1398 primum
1963 1342 2014 1387 ab
2054 1346 2197 1391 oculos
2240 1361 2325 1405 po-

152 1431 288 1474 suisse
319 1427 537 1485 exemplar
560 1427 694 1470 iustae
726 1423 937 1467 cuiusdam
971 1428 1012 1466 et
1043 1421 1231 1466 omnibus
1258 1421 1350 1465 fere
1376 1423 1558 1465 numeris
1591 1422 1807 1467 absolutae
1838 1427 2233 1484 trayicomoediae.
2268 1457 2320 1462 —

150 1511 298 1570 Neque
329 1524 430 1555 casu
470 1509 649 1568 quodam
681 1513 722 1551 et
754 1507 925 1551 fortuito
965 1506 1008 1549 id
1036 1518 1129 1548 eum
1167 1506 1340 1547 invitum
1380 1506 1498 1562 quasi
1532 1510 1654 1563 atque
1685 1507 1858 1550 inscium
1889 1507 2197 1568 composuisse,
2249 1515 2323 1558 sed

151 1595 289 1639 dedita
320 1598 451 1652 opera
483 1599 525 1637 et
552 1592 662 1636 bene
692 1604 868 1648 gnarum
901 1592 1013 1645 eius,
1055 1588 1164 1646 quod
1194 1588 1380 1641 faceret,
1411 1588 1597 1645 periculi.
1618 1589 1711 1643 “J

335 1678 384 1721 In
417 1677 496 1720 hac
536 1689 644 1719 vero
685 1676 768 1718 viri
811 1674 923 1716 docti
962 1673 1306 1716 commentatione
1345 1684 1436 1713 cum
1478 1678 1646 1729 praeter
1677 1675 1904 1718 novitatem
1938 1680 2167 1722 sententiae
2199 1682 2322 1724 etiam

150 1763 192 1807 id
236 1763 415 1806 animum
447 1773 583 1803 meum
623 1763 809 1811 teneret,
855 1755 964 1814 quod
1004 1756 1198 1813 princeps
1237 1753 1453 1812 exemplar
1494 1760 1616 1812 atque
1659 1757 1772 1813 ipsas
1814 1759 1999 1815 origines
2041 1762 2142 1804 eius
2181 1766 2322 1820 poesis

150 1846 344 1891 scenicae
388 1845 431 1887 in
465 1841 607 1886 fabula
637 1840 856 1885 Alcestide
898 1853 945 1883 se
981 1839 1192 1896 reperisse
1228 1842 1371 1880 auctor
1407 1837 1680 1894 gloriaretur,
1726 1853 1832 1897 quae
1872 1847 1916 1884 ut
1956 1841 2216 1888 abiudicari
2246 1850 2320 1890 toti

149 1928 379 1985 antiquitati
411 1925 481 1970 diu
507 1924 654 1978 solita,
696 1925 752 1966 ita
786 1936 918 1980 nuper
949 1926 1096 1978 coepta
1131 1925 1243 1963 esset
1280 1922 1678 1977 recentissimorum7
1715 1922 1861 1980 quibus
1893 1938 1969 1970 nos
2002 1940 2110 1970 nunc
2140 1931 2321 1975 maxime

150 2011 363 2068 degimus,
395 2015 626 2066 temporum
657 2005 886 2049 rationibus
921 2010 966 2047 ut
996 2004 1221 2062 praecipue
1253 2003 1403 2046 idonea
1436 2003 1828 2060 adiudicari,***)
1862 2021 2018 2065 operae
2048 2013 2224 2068 pretium
2252 2028 2319 2058 me

147 2095 353 2140 facturum
386 2107 482 2138 esse
520 2093 715 2150 speravi,
761 2092 796 2134 si
828 2089 966 2133 oblata
999 2088 1077 2132 hac
1109 2088 1339 2132 solennium
1375 2086 1717 2131 scholasticorum
1756 2094 2060 2148 opportunitate
2095 2102 2236 2141 uterer
2268 2099 2319 2142 ad

149 2176 426 2223 examinanda
458 2189 534 2229 ea,
569 2174 714 2232 quibus
748 2173 818 2216 illa
852 2171 1041 2216 Koechlii
1075 2172 1279 2214 sententia
1312 2172 1532 2225 niteretur,
1578 2179 1833 2228 argumenta.

335 2260 480 2316 Itaque
527 2263 573 2300 ut
619 2262 762 2300 nostra
804 2255 1024 2313 disputatio
1068 2256 1151 2297 iam
1198 2254 1386 2297 ordiatur
1426 2268 1450 2297 a
1495 2253 1617 2297 brevi
1662 2257 1790 2313 ipsius
1833 2257 1999 2303 fabulae
2040 2265 2317 2319 enarratione,

147 2346 249 2389 satis
291 2348 433 2386 notum
473 2346 537 2384 est
572 2345 700 2383 totam
731 2338 824 2382 fere
862 2339 1028 2381 versari
1062 2343 1104 2380 et
1135 2338 1247 2381 verti
1279 2339 1391 2380 circa
1425 2337 1704 2381 voluntariam
1740 2339 1877 2394 illam,
1934 2344 2000 2385 cui
2032 2357 2109 2401 pro
2135 2345 2316 2391 Admeto

146 2441 258 2471 uxor
288 2426 474 2470 Alcestis
506 2438 554 2467 se
588 2423 758 2477 offerat,
807 2427 995 2465 mortem.
1060 2421 1207 2479 Incipit
1239 2427 1374 2464 autem
1407 2434 1432 2463 a
1472 2420 1676 2478 prologo,
1725 2423 1766 2464 in
1803 2437 1883 2480 quo
1917 2425 2099 2483 Apollo,
2139 2442 2316 2486 gregum

198 2584 244 2628 tt)
279 2580 615 2630 Qiterutbiftoriftbess
650 2580 869 2628 zofdyenbttd)
903 2588 969 2618 von
1008 2580 1180 2618 Stobert
1213 2580 1346 2628 §Di-up.
1407 2575 1517 2616 1847.
1578 2578 1647 2617 Die
1684 2578 1821 2627 antestis
1855 2583 1913 2620 bes
1947 2582 2133 2629 &urinantes
2170 2593 2234 2623 von
2268 2586 2314 2631 ι’).

275 2647 437 2694 aaut».
474 2658 510 2695 p.
531 2644 606 2682 359
626 2656 686 2694 sq.

172 2727 243 2769 fl)
272 2723 338 2760 1.1.
375 2736 412 2773 p.
432 2723 521 2762 366,
576 2724 660 2772 §Delfi
685 2723 870 2769 (intimes
899 2724 962 2760 mit
983 2722 1204 2769 ffiemufitfein
1231 2723 1299 2760 nub
1324 2721 1580 2769 &cbiipferfraft
1616 2721 1685 2760 eine
1710 2723 1847 2771 mirifici)
1877 2735 1958 2762 neue
1981 2724 2229 2776 Runftgottung
2255 2729 2314 2766 bes

251 2789 412 2829 -mrama
436 2789 494 2833 (in
521 2790 578 2827 bet
605 2785 766 2835 Ἃῐῖεῇίό)
795 2787 864 2826 ίη’Β
892 2787 995 2826 &ben
1023 2786 1160 2836 get-uim
1186 2786 1263 2834 but,
1292 2807 1341 2812 —-
1369 2786 1443 2825 bite
1468 2797 1507 2832 gu
1535 2785 1688 2834 ermeifeu
1727 2786 1765 2836 ist
1792 2789 1849 2827 ber
1874 2788 1983 2835 givet!
2009 2789 2115 2838 birsa·
2142 2790 2312 2839 fflbbanbl.

144 2876 243 2919 ***)
270 2872 317 2910 cf.
343 2873 411 2912 (ἔίιι
439 2872 653 2919 ssruuerspiel
681 2871 717 2909 ίιι
745 2871 908 2910 &cilum
962 2871 1219 2921 tragicomssbie
1245 2880 1310 2909 uon
1338 2871 1557 2919 &debriet
1594 2871 1767 2916 spebbet.
1814 2871 1923 2912 1851.
1977 2874 2238 2923 &enbfdyreiben
2268 2887 2313 2916 αιι

272 2937 476 2985 ffiiitftber
517 2948 547 2984 p.
568 2934 603 2972 3.
