2661 3408
244 278 438 340 taum,
471 285 544 327 aut
572 281 712 326 omnia
741 279 800 325 ita
830 283 1086 340 comparata,
1115 282 1162 323 ut
1186 278 1239 323 iis
1265 290 1358 322 cum
1376 275 1579 322 Koechlio
1606 276 1660 322 de
1690 275 1764 322 illa
1790 259 1939 324 scholii
1956 258 2151 323 Vaticani
2179 268 2466 338 interp*
2509 244 2628 347 ἦῆ

263 369 379 412 tione
409 365 518 410 bene
548 364 803 409 conveniat?
842 363 972 408 Immo
1003 368 1097 407 sunt
1128 367 1171 406 et
1202 363 1304 406 satis
1335 361 1486 417 multa,
1518 366 1561 405 et
1590 362 1741 420 partim
1776 359 1937 406 scholio
1961 359 2036 405 illo
2060 359 2189 420 longe
2218 353 2442 419 gruvffl,
2523 362 2560 425 ’δ

266 456 310 495 et
330 450 583 507 gravissima
612 461 799 506 quaeque
824 448 887 492 sic
916 448 1154 499 constituta,
1187 450 1334 489 utnon
1359 444 1493 489 solum
1524 445 1867 504 interpretatione
1890 443 1962 488 illa
1995 458 2091 488 m
2120 442 2440 504 612⁸qu
2479 470 2481 472 -
2537 439 2560 481 .’
2610 434 2634 483 ι’.

266 534 342 580 sed
369 536 409 579 ei
441 547 500 577 ne
532 532 677 576 locum
711 531 892 590 quidem
926 530 1070 574 ullum
1102 543 1203 572 esse
1236 528 1449 572 relictum
1487 533 1632 586 aperte
1668 527 1847 571 doceant
1877 532 1921 571 et
1952 527 2047 571 luce
2077 526 2232 572 clarius
2258 527 2440 573 deum-'-

265 622 409 663 strent.
457 614 565 660 Nam
592 613 793 672 siquidem
823 613 1169 670 gravissimorum
1196 612 1357 670 ipsique
1383 610 1572 670 Euripidi
1597 610 1831 670 aequalium
1858 610 2024 656 testium
2048 609 2210 656 iudiciis
2235 609 2438 657 distinctis

264 700 373 758 plus,
406 711 527 754 quam
559 698 644 741 viri
666 697 923 753 grammatici
943 695 1116 739 alicuius
1148 694 1465 737 narratiunculae
1496 693 1699 751 ambiguae
1709 694 1792 749 ⁴⁵⁴)
1816 693 1991 738 debetur
2021 693 2117 738 fidei
2139 699 2264 751 atque
2284 699 2439 739 aucto-

315 853 361 897 ἰ·)
391 849 509 895 Quam
532 851 678 889 levibus
705 853 862 902 permoti
887 851 1096 889 rationibus
1129 853 1198 889 viri
1225 852 1369 889 illorum
1396 855 1601 902 temporum
1637 851 1866 900 grammatici
1898 851 2010 888 etiam
2043 850 2158 888 multo
2185 852 2356 900 graviora
2385 852 2438 889 in-

392 915 555 960 terdum,
601 929 711 966 quam
740 916 813 953 hoc
845 916 1086 965 fragmentum
1115 916 1406 956 didascalicum,
1446 914 1493 952 de
1524 914 1703 965 Euripide
1736 926 1909 964 generum
1934 915 2066 965 poesis
2098 915 2275 953 scenicae
2298 919 2438 967 pertur-

392 980 521 1018 batore
549 980 710 1032 quodam
738 981 949 1024 docuerint.
976 982 1192 1019 testimonio
1220 984 1325 1026 sunt,
1351 984 1391 1018 ut
1416 980 1586 1030 exempla
1611 979 1770 1024 laudem,
1795 979 1954 1024 scholia,
1981 992 2064 1030 qum
2084 977 2267 1018 Cobetius
2290 979 2438 1019 edenda

393 1047 546 1084 curavit.
617 1047 664 1085 cs.
694 1046 928 1084 Phoenissae
955 1045 1168 1097 Euripidis,
1212 1045 1331 1083 edidit
1365 1043 1578 1083 Jacobus
1613 1043 1815 1082 Geelius-
1869 1043 2023 1083 Scholia
2048 1062 2099 1072 —
2126 1043 2297 1083 adiunxit
2326 1042 2367 1083 C.
2393 1042 2437 1083 G.

393 1109 636 1149 Cobetius.
688 1110 860 1159 Lugduni
889 1110 1109 1148 Batavorum
1136 1109 1247 1147 1846.

536 1174 584 1211 ad
610 1173 861 1211 Andromach.
886 1173 949 1210 22.
1019 1173 1067 1208 Οἱ
1103 1168 1250 1219 φαύλως
1283 1167 1673 1220 ὑπομνηματισάμενοι
1701 1170 1893 1219 ἐγκαλοῦσι
1926 1171 1979 1220 τῷ
2007 1168 2201 1224 Εὐριπίδῃ
2238 1168 2438 1219 φάσκοντες

391 1235 452 1274 ἐπὶ
476 1235 660 1286 τραγικοῖς
685 1231 894 1286 προςώποις
925 1234 1170 1283 κωμῳδίαν
1203 1231 1342 1273 αὑτὸν
1380 1234 1743 1272 διατεθεῖσθαι·
1783 1235 1966 1283 γυναικῶν
1987 1248 2026 1273 τε
2047 1233 2119 1285 γὰρ
2151 1234 2327 1280 ὑπονοίας
2350 1232 2435 1273 κατ’

393 1296 552 1346 ἀλλήλων
586 1299 648 1337 καὶ
675 1296 801 1345 ζήλους
825 1298 888 1336 καῖ
912 1299 1098 1349 λοιδορίας
1129 1298 1190 1337 καὶ
1217 1296 1304 1337 ἄλλα
1332 1296 1403 1337 ὅσα
1435 1299 1486 1343 εἰς
1510 1298 1706 1347 κωμῳδίαν
1731 1297 1892 1336 συντελεῖ
1910 1299 2027 1337 ταῦτα
2051 1295 2298 1345 ἁπαξάπαντα
2327 1299 2436 1339 τοῦτο

391 1361 433 1401 τὸ
459 1363 581 1415 δρᾶμα
606 1362 877 1415 περιειληφέναι
907 1369 978 1402 etc.
1007 1383 1056 1390 ·—-
1081 1365 1128 1401 cs.
1157 1364 1374 1402 zeitschrift
1397 1365 1455 1402 flir
1481 1365 1543 1402 die
1565 1364 2067 1402 Altertbumswissenscbast
2096 1363 2202 1403 1848.
2228 1366 2264 1402 5.
2293 1378 2330 1415 p.
2346 1364 2436 1402 467.

288 1451 361 1495 Μ·)
390 1449 472 1487 Non
501 1452 649 1487 animus
675 1449 768 1487 mihi
795 1449 945 1499 quidem
977 1453 1038 1486 est
1072 1449 1268 1497 fragmenti
1294 1449 1397 1486 illius
1430 1450 1705 1493 auctoritatem,
1739 1461 1850 1498 quam
1874 1450 1958 1500 ipse
1981 1463 2154 1499 magnam
2180 1463 2270 1488 esse
2296 1451 2435 1497 iudico,

392 1512 588 1551 debilitare
614 1516 727 1564 atque
752 1511 968 1562 insriugere3
1009 1511 1080 1549 sed
1107 1525 1190 1549 cum
1215 1512 1313 1550 haud
1341 1514 1461 1551 sciam
1488 1520 1534 1551 ‘an
1558 1518 1704 1563 praeter
1727 1512 1946 1553 Koechlium
1976 1519 2014 1553 et
2040 1515 2105 1553 alii
2130 1517 2206 1554 viri-
2227 1516 2330 1554 docti
2351 1517 2434 1554 eius

390 1578 477 1615 fidei
512 1578 663 1614 nimium
698 1576 786 1626 quid
823 1576 1050 1619 addixerint,
1088 1576 1208 1613 levem
1243 1576 1426 1627 aliquam,
1467 1589 1548 1625 quae
1581 1577 1672 1613 mihi
1709 1577 1756 1614 de
1785 1591 1831 1615 eo
1858 1582 1946 1615 nata
1974 1581 2053 1623 est,
2089 1580 2346 1629 suspicionem
2370 1580 2435 1618 bic

347 1680 349 1682 .
390 1640 550 1679 breviter
582 1642 772 1690 attingam.
825 1639 919 1677 Nam
949 1640 1051 1690 quod
1080 1641 1116 1677 in
1146 1654 1198 1678 eo
1229 1640 1366 1678 chorus
1391 1640 1598 1678 Alcestidis
1634 1640 1783 1678 fabulae
1811 1653 1835 1676 e
1859 1639 2014 1678 senibus
2049 1643 2284 1691 competieru-
2311 1643 2436 1690 fauisse

390 1705 525 1743 dicitur
553 1705 620 1750 (cf.
643 1704 817 1742 scholion
827 1704 1047 1742 Vaticanum
1072 1718 1111 1756 p.
1127 1703 1206 1749 16),
1235 1717 1282 1742 ne
1308 1708 1346 1742 et
1369 1707 1517 1755 recepta
1543 1704 1739 1742 multarum
1766 1704 1974 1743 fabularum
1999 1707 2233 1745 consuetudo
2253 1711 2293 1745 et
2318 1721 2434 1758 prava

389 1782 523 1806 versus
556 1769 631 1806 212
668 1770 922 1817 interpretatio
959 1769 1095 1806 scholii
1136 1769 1237 1805 illius
1270 1770 1490 1818 scriptorem
1523 1769 1560 1804 iu
1595 1781 1754 1806 errorem
1783 1769 1947 1821 aliquem
1978 1769 2204 1816 induxerint,
2243 1783 2317 1809 non
2348 1772 2433 1810 sine

390 1846 508 1871 causa
535 1834 653 1870 vereri
676 1832 768 1870 mihi
795 1833 935 1870 videor.
989 1832 1184 1869 Praetereo
1212 1834 1323 1875 enim,
1353 1833 1455 1882 quod
1480 1833 1682 1870 choreutae
1707 1834 1784 1882 ipsi
1808 1845 1931 1883 neque
1957 1835 1995 1870 in
2022 1834 2096 1872 bac
2117 1834 2245 1872 fabula
2268 1848 2434 1886 unquam

388 1908 501 1933 senes
532 1896 784 1947 appellantur,
819 1897 891 1935 sed
926 1897 1014 1941 viri,
1050 1896 1242 1946 hospites,
1281 1897 1410 1942 cives;
1445 1898 1500 1941 (v.
1522 1895 1609 1935 493.
1636 1896 1732 1943 616)
1772 1911 1894 1948 neque
1921 1911 2084 1948 unquam
2119 1898 2167 1936 de
2193 1899 2351 1938 senibus
2380 1901 2434 1938 lo-

389 1965 549 2011 quuntur
573 1962 657 1996 sine
683 1960 787 1997 brevi
812 1961 1046 2006 senectutis,
1074 1971 1270 2005 canorum,
1298 1960 1431 1996 senilis
1456 1960 1689 2006 infirmitatis
1717 1961 1864 2012 aliqua,
1903 1974 1977 2012 qua
2000 1973 2147 2005 curam,
2179 1962 2238 2000 vel
2266 1976 2434 2002 reveren-

388 2028 479 2064 tiam
506 2038 613 2063 suam
640 2028 840 2070 testentur,
876 2026 1227 2063 commemoratione
1247 2039 1256 2062 ε
1297 2028 1351 2070 (v.
1370 2022 1457 2061 483.
1474 2022 1562 2061 485.
1581 2024 1669 2062 621.
1688 2025 1775 2062 717.
1792 2024 1925 2070 918.),
1953 2038 2073 2076 neque
2095 2026 2134 2063 id
2158 2039 2305 2076 premo,
2331 2028 2433 2077 quod

387 2088 589 2139 Euripides
616 2101 703 2133 eos,
730 2090 765 2126 si
792 2101 909 2127 senes
937 2089 1058 2133 finxit,
1086 2090 1132 2128 ad
1151 2103 1264 2128 unum
1291 2101 1423 2127 omnes
1448 2089 1552 2126 finxit
1575 2102 1692 2127 senes
1720 2086 1897 2126 coelibes.
1948 2088 2056 2127 Adeo
2083 2091 2181 2128 enim
2208 2092 2331 2129 omnis
2358 2105 2435 2136 ma·

388 2154 642 2190 trimoniorum
668 2152 917 2198 conditionis,
953 2153 1166 2198 viduitatis,
1205 2153 1377 2191 orbitatis
1404 2165 1473 2191 eos
1500 2152 1652 2191 exhibet
1678 2157 1853 2202 expertes
1880 2158 1922 2191 ut
1951 2154 2133 2204 quidquid
2160 2154 2207 2192 de
2231 2154 2295 2192 bis
2321 2154 2434 2194 rebus

387 2218 570 2261 sentiant,
602 2216 757 2254 aliorum
781 2217 963 2267 exemplis
989 2230 1033 2254 se
1063 2217 1247 2255 didicisse
1272 2218 1456 2259 monitos,
1483 2217 1577 2254 nibil
1603 2231 1674 2255 suo
1699 2231 1771 2255 usu
1798 2222 1972 2268 expertos
1997 2230 2086 2256 esse
2112 2220 2268 2268 saepius
2292 2220 2434 2257 fatean-

387 2286 455 2319 tur.
486 2279 592 2326 (243.
609 2279 718 2325 918.)
747 2279 863 2318 Levia
883 2281 947 2318 illa
973 2282 1067 2326 sint,
1094 2285 1134 2319 ut
1151 2285 1252 2327 sunt,
1280 2292 1503 2332 quamquam
1531 2282 1700 2330 graviora
1727 2284 1814 2318 sunt
1839 2280 2012 2331 ambigua
2038 2283 2150 2319 unius
2175 2283 2354 2322 versiculi
2380 2284 2435 2322 in-

386 2346 665 2396 terpretatione.
695 2346 749 2388 (v.
769 2342 855 2381 212.
880 2340 928 2379 σῦ
953 2340 1035 2379 «Tei
1058 2343 1214 2388 παλαιὸς
1239 2339 1434 2388 δεσπόταις
1457 2343 1558 2391 ἐμοῖς
1586 2344 1723 2390 φίλος).
1775 2345 1870 2383 Nam
1897 2346 1991 2383 inter
2016 2348 2177 2383 veterem
2207 2347 2369 2385 amicum
2397 2350 2435 2386 et

386 2422 516 2448 senem
540 2408 694 2446 multum
719 2421 838 2458 saepe
865 2409 1028 2446 interest.
1057 2430 1102 2436 —-
1156 2408 1230 2447 Sed
1253 2423 1338 2447 mea
1361 2409 1514 2460 quidem
1537 2409 1721 2447 dubitatio
1744 2423 1821 2447 uno
1842 2413 1983 2446 tantum
2007 2410 2090 2446 loco
2115 2414 2294 2455 movetur,
2321 2414 2436 2450 versi·

385 2473 476 2511 bus:
512 2472 587 2510 473
601 2493 645 2499 ·-
658 2472 745 2509 475.
800 2472 892 2511 Sunt
919 2474 946 2510 ii
975 2486 1125 2519 versus,
1167 2475 1203 2511 in
1232 2486 1330 2524 quos
1358 2474 1499 2512 desinit
1530 2476 1664 2513 naenia
1690 2487 1801 2526 quam
1836 2474 1972 2513 chorus
2001 2474 2038 2511 in
2064 2473 2242 2513 honorem
2265 2480 2436 2516 mortuae

383 2539 592 2577 Alcestidis
619 2540 733 2577 canit.
786 2538 967 2576 Naeuiam
995 2538 1167 2582 dicimus,
1196 2551 1268 2576 non
1297 2551 1445 2577 carmen
1474 2537 1774 2590 epithalamium3
1807 2540 1842 2577 in
1874 2538 2052 2577 bonorem
2077 2542 2247 2579 mortuae
2276 2540 2437 2581 Alcesti·

385 2606 466 2650 dis,
502 2618 575 2642 non
607 2606 644 2641 in
676 2617 810 2641 recens
845 2607 982 2654 nuptae
1015 2603 1321 2653 gratulationem3
1360 2603 1596 2641 decantatam
1632 2616 1654 2641 a
1686 2603 1810 2641 cboro.
1871 2602 2013 2642 Scholii
2047 2616 2136 2641 vero
2168 2605 2273 2642 illius
2306 2611 2438 2645 auctor

387 2669 498 2707 docet
531 2681 553 2706 a
585 2667 698 2705 choro
735 2681 756 2705 e
796 2666 953 2704 senibus
981 2668 1213 2718 composito3
1246 2666 1464 2705 hominibus
1498 2669 1664 2713 scilicet,
1696 2669 1731 2705 si
1754 2680 1828 2705 non
1854 2670 1978 2705 aetate
2001 2667 2226 2719 decrepitis,
2258 2670 2435 2720 gravibus

385 2737 531 2778 tamen,
558 2733 726 2776 severis,
761 2731 943 2769 tristibus.
982 2731 1125 2769 Versus
1148 2733 1258 2781 igitur
1280 2732 1334 2770 illi
1358 2732 1396 2768 in
1418 2733 1571 2782 reginae
1594 2730 1826 2769 commodum
1848 2735 2015 2770 mortuae
2039 2731 2221 2772 honorem
2245 2733 2434 2774 decantati

386 2811 409 2834 a
442 2796 600 2834 senibus
627 2797 799 2833 nimirum
830 2797 908 2833 illis
943 2796 1119 2845 gravibus
1154 2797 1191 2833 in
1224 2796 1321 2834 haec
1355 2800 1444 2834 vota
1474 2800 1694 2834 excurrunt:
1734 2795 1882 2834 Utinam
1907 2795 2020 2834 nobis
2046 2809 2198 2848 quoque
2229 2798 2433 2851 aliquado

385 2860 476 2898 talis
508 2860 701 2908 contingat
732 2860 855 2898 uxor!
906 2858 1030 2910 Euge,
1068 2874 1177 2911 quam
1206 2874 1377 2899 securam
1408 2866 1446 2899 et
1470 2861 1627 2899 hilarem
1653 2860 1849 2898 nobiscum
1877 2860 1990 2910 deget
2012 2862 2140 2899 vitam.
2195 2862 2321 2906 (Vers-
2345 2862 2432 2900 473.

383 2918 557 2966 τοιαύτας
579 2920 634 2967 εἴη
656 2935 721 2970 μοι
742 2922 877 2974 κῦρσαι
895 2944 946 2950 -
961 2920 1163 2968 συνδυάδος
1187 2919 1311 2971 φιλιάς
1332 2920 1529 2975 ἆλόχου-
1548 2917 1576 2968 ἦ
1594 2921 1665 2974 γὰρ
1687 2919 1807 2972 ἔμοιγε
1828 2919 1967 2968 ἄλυπος
1988 2919 2041 2962 δι’
2049 2922 2187 2970 αιόνος
2218 2922 2237 2935 ”’
2359 2926 2432 2972 ιἠ.)

384 3006 434 3013 -
459 2985 563 3031 Quae
589 2987 740 3037 quidem
763 2991 850 3025 vota
877 2991 1002 3024 aetate
1023 2991 1281 3038 provectorum
1301 3001 1445 3034 senum,
1467 2992 1585 3026 utrum
1613 2989 1726 3025 nimis
1753 2988 1933 3026 iuvenilia
1959 3001 2008 3026 an
2030 2990 2146 3028 nimis
2170 2993 2246 3043 pue
2294 3003 2331 3029 ia
2354 2992 2435 3030 sint

385 3049 610 3100 appellanda
629 3050 770 3089 dubito.
799 3049 1002 3089 Koechlius
1019 3055 1118 3090 certe
1136 3066 1262 3090 eorum
1277 3054 1331 3090 uti
1342 3053 1477 3091 'debuit
1492 3053 1679 3091 luculento
1696 3054 1934 3091 testimonio:
1956 3052 2173 3105 Euripidem
2188 3057 2436 3107 proposuisse

2083 3152 2106 3187 ³
