2661 3408
339 233 384 287 4J
449 249 451 251 ·
490 223 752 273 &escotum
774 228 924 273 sumni
947 232 1100 287 poetae
1129 230 1265 286 magis
1291 231 1494 274 semisse
1523 243 1647 288 quam
1672 230 1960 275 &atelle-visse
1985 230 2189 289 dicautur,
2199 232 2259 289 *J
2280 247 2407 293 quau-

262 298 414 356 ffl
444 305 701 368 scholiorum
731 308 896 356 illorum
926 310 1088 358 iudiciis
1116 314 1373 359 auctoritatis
1400 312 1658 359 tribuendum
1690 327 1787 359 esse
1813 312 2057 360 videatur?
2090 315 2407 370 Quantumcun-

234 397 493 461 pm
523 397 678 450 statuat
707 405 804 439 esse
833 393 978 451 tidem,
1011 407 1090 440 nos
1122 402 1239 441 certe
1263 410 1348 442 non
1377 396 1545 441 habehit
1575 397 1871 454 adversarios,
1899 398 2117 443 dummodo
2145 400 2215 445 vir
2245 400 2406 458 doctus,

166 541 169 545 Ι
203 463 211 529 ³2
225 462 536 540 ''Uzpreecipin
573 477 667 536 ipse
704 483 977 522 constanter
1016 480 1069 524 iis
1109 486 1270 535 utatur,
1317 486 1359 525 et
1398 480 1617 524 dummodo
1648 494 1703 524 ne
1742 482 1834 538 ipse
1873 494 2016 526 secum
2055 488 2222 541 pugnet.
2287 483 2407 537 Quod

235 543 408 619 fldem
441 562 578 619 ipsum
612 576 667 606 an
697 563 864 606 omniuo
900 561 1073 619 fecerit,
1125 563 1314 621 equidem
1353 563 1624 607 vehementer
1659 563 1813 607 dubito.
1894 565 2000 617 Quid
2038 571 2104 609 est
2143 567 2250 609 enim
2295 567 2406 623 quod

235 640 336 693 oum
362 647 538 701 dteram
573 647 721 693 scholii
751 646 862 691 illius
893 651 1054 706 partem
1085 651 1170 690 tam
1204 646 1352 705 cupide
1392 645 1675 705 amplexetur,
1723 646 1896 690 alteram
1931 649 2096 692 omuino
2134 647 2322 706 negligat
2363 654 2406 693 et

235 728 477 788 relinquat?
497 730 582 786 ⁴⁴)
654 729 761 784 Quid
792 735 858 773 est
894 729 1004 787 quod
1042 728 1204 774 scholio
1240 729 1300 772 illi
1341 728 1384 772 id
1428 728 1591 786 quidem
1631 728 1798 784 credat,
1846 729 2042 772 relatam
2082 744 2182 774 esse
2212 730 2405 776 Alcestin

234 813 349 857 iuter
385 812 549 857 fabulas
581 813 812 871 satyriam,
854 826 940 855 eur
979 818 1117 856 autem
1157 818 1200 855 et
1233 826 1428 870 quacum
1470 811 1550 855 alia
1585 810 1726 855 fabula
1760 811 1908 855 eodem
1938 810 2070 856 relata
2101 815 2174 869 sit,
2219 813 2404 866 eiusdem

234 895 346 941 illius
377 895 526 941 scholii
556 897 792 941 testimonio
825 897 992 940 omnino
1032 908 1118 939 non
1149 894 1324 939 credere
1356 894 1579 939 videatur?
1639 894 1710 939 An
1742 894 1906 939 docebit
1936 896 2005 940 vir
2036 895 2181 940 doetus
2212 898 2257 940 in
2289 896 2403 941 Ore-

235 975 342 1024 ste'm
384 977 567 1024 fabulam
612 979 758 1025 eadem
810 978 984 1034 valere,
1041 992 1149 1037 quae
1199 978 1252 1022 de
1296 977 1523 1023 Alcestidis
1562 978 1697 1022 forma
1747 979 2053 1037 praeceperit?
2079 980 2193 1036 ***)
2265 980 2312 1024 ld
2348 994 2403 1025 ne

234 1067 477 1107 conaturum
510 1062 676 1122 quidem
705 1064 845 1107 virum
877 1062 1043 1106 doctum
1082 1062 1203 1105 fidem
1243 1075 1377 1104 meam
1419 1063 1686 1120 interponere
1724 1062 1870 1105 audeo.
1933 1062 2016 1117 At,
2066 1065 2221 1121 inquit,
2267 1077 2403 1122 neque

231 1144 344 1189 illius
381 1159 519 1204 neque
558 1146 737 1190 aliorum
779 1145 1033 1191 scholiorum
1071 1145 1317 1188 testimoniis
1349 1145 1458 1187 idem
1498 1145 1632 1188 editur
1669 1145 1721 1188 de
1760 1151 1933 1203 utraque
1972 1146 2117 1189 harum
2153 1146 2398 1190 fabularum.

231 1226 281 1271 In
314 1227 448 1272 altera
480 1229 590 1272 enim
622 1230 864 1273 conversio
895 1233 1053 1272 tantum
1083 1228 1281 1270 aetionis
1325 1225 1380 1285 (ἦ
1406 1227 1728 1287 καταστροφή),
1772 1229 1814 1271 in
1846 1227 1977 1272 altera
2006 1230 2139 1273 omnis
2171 1230 2294 1273 totius
2326 1229 2401 1273 fa·-

230 1309 356 1355 hulae
393 1312 703 1369 conformatio
735 1311 792 1371 (ἤ
815 1309 1067 1370 κατασκεωῇ)
1099 1310 1238 1368 aliquo
1276 1309 1400 1354 modo
1432 1311 1592 1353 comica
1630 1310 1763 1355 fuisse
1802 1311 1988 1355 traditur.
2051 1311 2244 1356 Alterum
2275 1313 2401 1370 igitur

231 1393 366 1437 altero
398 1394 528 1437 multo
559 1394 682 1438 latius
713 1400 839 1451 patet.
872 1418 927 1425 —
970 1394 1088 1449 Ergo
1116 1407 1173 1436 ex
1205 1395 1346 1435 unius
1362 1393 1421 1446 †)
1452 1395 1573 1437 vocis
1605 1397 1850 1438 auctoritate
1882 1396 2101 1439 certissimi
2134 1395 2243 1440 illius
2275 1396 2402 1439 testi-

229 1477 360 1519 monii
399 1481 443 1519 et
482 1477 586 1520 novi
625 1476 735 1520 illius
777 1475 1010 1520 fabularum
1051 1477 1308 1520 scem’carum
1348 1477 1516 1531 generis
1566 1476 1762 1533 pendebit
1808 1478 1940 1521 omnis
1986 1477 2089 1521 fides
2133 1484 2175 1521 et
2214 1477 2398 1522 firmitas.

229 1557 444 1603 Pendeant
480 1573 582 1604 sane
609 1574 666 1604 ex
693 1574 769 1616 ea,
808 1559 1029 1603 dummodo
1062 1560 1151 1603 eius
1184 1558 1336 1602 indicio
1362 1564 1554 1617 tanquam
1585 1558 1702 1603 firmo
1735 1559 1873 1617 aliquo
1904 1559 2171 1604 fundamento
2204 1563 2397 1605 nitantur.

228 1639 343 1686 Nihil
381 1655 489 1686 vero
532 1643 680 1687 minus.
756 1642 898 1701 Atque
938 1643 982 1686 in
1021 1655 1074 1686 eo
1116 1641 1280 1699 quidem
1324 1641 1514 1685 Koechlii
1557 1641 1765 1685 licentiam
1805 1644 1962 1698 miror,
2007 1642 2116 1701 quod
2155 1643 2235 1687 hoc
2276 1657 2400 1687 unum

229 1723 422 1770 scholion
458 1727 637 1782 ceteris,
683 1739 790 1784 quae
826 1739 884 1769 ex
925 1726 1167 1784 antiquitate
1204 1724 1257 1768 ad
1295 1730 1439 1788 nostra
1471 1729 1657 1782 tempora
1693 1731 2000 1783 pervenerunt,
2042 1725 2214 1770 testibus
2255 1732 2400 1772 tanto-

228 1821 333 1867 pere
364 1808 631 1867 praetulerit.,
677 1813 721 1852 ut
757 1794 852 1852 huic
882 1810 1065 1852 maxima
1101 1821 1288 1866 quaeque
1319 1806 1543 1851 crediderit
1575 1813 1617 1850 et
1648 1807 1857 1863 tribuerit,
1899 1808 2069 1866 reliquis
2100 1808 2201 1852 nihil
2233 1811 2398 1854 omnino

227 1889 324 1934 fidei
362 1896 487 1950 atque
525 1892 782 1934 auctoritatis
823 1892 866 1934 in
907 1890 986 1934 hac
1026 1891 1189 1950 quidem
1233 1891 1475 1948 quaestione
1514 1891 1761 1934 existimarit
1801 1904 1896 1934 esse
1936 1891 2254 1935 concedendum.
2328 1893 2399 1936 An

226 1973 306 2017 hac
340 1974 393 2017 de
424 1988 474 2017 re
510 1980 681 2032 praeter
712 1973 813 2017 illud
845 1973 1034 2017 scholion
1073 1974 1185 2017 nulla
1221 1988 1316 2018 esse
1347 1980 1539 2017 veterum
1574 1974 1807 2016 testimonia
1839 1973 2080 2028 affirmabit.
2132 1981 2200 2018 aut
2234 1975 2398 2020 leviora

279 2137 326 2181 ΙΨ)
352 2134 542 2180 Alcestis,
569 2136 671 2174 edid.
699 2135 886 2174 Godot'r.
913 2136 1209 2174 Hermanuus
1243 2135 1385 2173 Proem.
1412 2149 1449 2186 p.
1464 2134 1528 2172 Vl.

251 2221 324 2265 *ἢ
357 2219 537 2259 Scholion
560 2220 794 2259 Vaticanum.
821 2240 875 2247 —-
903 2241 953 2246 —
980 2240 1029 2246 -
1051 2214 1233 2269 ἐδιδάχθη
1260 2217 1322 2256 ἕπε’
1347 2217 1553 2257 Γλαυκίνου
1581 2214 1758 2268 ἄρχοντος
1783 2215 1826 2254 τὸ
1853 2216 1904 2256 ἴ.-
1942 2218 2087 2270 πρῶτος
2112 2212 2159 2263 ἦν
2183 2218 2395 2266 Σοφοκλῆς,

356 2279 521 2334 δεύτερος
538 2279 750 2332 Εὐριπίδης
771 2279 992 2332 Κρήσσαις,
1023 2278 1246 2330 Ἀλκμαίωνι
1269 2281 1321 2330 τῷ
1349 2279 1412 2318 διὰ
1446 2280 1645 2327 Ψωφῖδος,
1682 2280 1854 2329 Τηλέφῳ,
1888 2278 2115 2327 Ἀλκήστιδι·
2143 2280 2184 2319 τὸ
2209 2283 2247 2319 δὲ
2274 2283 2397 2333 δρᾶμα

355 2360 451 2394 κωμι
478 2344 640 2396 κωτέραν
664 2342 738 2396 ἔχει
771 2344 853 2391 τὴν
880 2342 1187 2391 κατασκευήν·
1215 2367 1264 2373 -
1293 2345 1486 2390 συνέστηκε
1515 2345 1554 2383 δὲ
1584 2342 1604 2382 ὁ
1629 2342 1740 2395 χορὸς
1774 2344 1821 2382 ἔκ
1863 2360 2003 2384 τινων
2034 2345 2304 2397 πρεςβυτῶν
2335 2346 2397 2384 ἕν-

354 2409 513 2449 τοπίων·
640 2406 682 2449 τὸ
709 2409 748 2449 δὲ
780 2409 903 2463 δρᾶμα
927 2409 1008 2448 ἐστι
1034 2406 1345 2462 σατυρικώτερον,
1387 2407 1444 2448 ὃτι
1471 2409 1522 2454 εἰς
1546 2406 1697 2461 χαρὰν
1737 2408 1814 2446 καὶ
1849 2407 2024 2456 ἡδονὴν
2066 2409 2395 2462 καταστρέφει·

349 2472 456 2527 παρὰ
482 2473 560 2518 τοῖς
581 2473 766 2524 τραγικοῖς
790 2471 1001 2523 ἐκβάλλεται
1023 2472 1073 2518 ὥς
1098 2471 1261 2511 ἀνοίκεια
1289 2474 1356 2519 τῆς
1381 2474 1553 2526 τραγικῆς
1578 2470 1763 2518 ποιήσεως
1794 2471 1815 2510 ὃ
1823 2487 1868 2510 τε
1891 2470 2106 2525 Ὀρέστης
2139 2474 2216 2511 καὶ
2248 2474 2273 2520 ἦ
2294 2472 2397 2513 ’Ἁλ-

353 2553 519 2586 κηστις
535 2566 549 2583 ,
588 2537 639 2583 ὥς
668 2538 709 2576 ἔκ
742 2538 935 2590 συαφορᾶς
967 2538 1033 2587 μὲν
1061 2534 1244 2589 ἀρχόμενα
1277 2539 1329 2582 εἰς
1360 2536 1595 2586 εὐδαιμονῖαν
1630 2538 1670 2574 δὲ
1699 2538 1762 2574 καὶ
1795 2535 1914 2590 χαρὰν
1946 2536 2212 2584 καταλήξαντα·
2252 2537 2332 2578 ἔστι
2359 2540 2398 2578 δὲ

352 2604 487 2654 μᾶλλον
510 2602 704 2653 κωμῳδίας
724 2599 889 2654 ἐχόμενα.

221 2677 316 2723 m)
345 2675 454 2722 Quod
478 2677 770 2727 praetermittere
795 2688 894 2714 nuuc
921 2677 1035 2715 etiam
1064 2678 1189 2715 minus
1219 2679 1255 2715 ei
1287 2676 1435 2721 licebit,
1473 2690 1517 2715 ex
1546 2689 1620 2727 quo
1650 2681 1799 2714 constat
1830 2675 2000 2715 Orestem
2038 2676 2200 2715 rabulam
2237 2678 2397 2716 eundem

244 2730 246 2732 V
351 2742 390 2779 iu
416 2740 615 2790 teti-alogia
640 2740 768 2791 aliqua
795 2740 918 2778 locum
942 2740 1170 2786 obtinuisse,
1197 2755 1308 2793 quem
1333 2740 1516 2779 Alcestin·
1562 2740 1608 2777 cf.
1636 2739 1855 2792 Hartung.
1899 2739 2064 2779 Orestes.
2099 2740 2255 2792 Lipsiae
2286 2740 2394 2779 1849.

350 2804 494 2842 Proem.
533 2817 572 2855 p.
587 2803 631 2840 V.

268 2878 318 2922 †)
346 2874 472 2927 Atque
497 2887 554 2912 ea·
582 2876 669 2912 ee'ue
695 2876 848 2928 quidem
873 2877 1000 2922 vocis,
1040 2879 1148 2916 cuius
1177 2880 1424 2928 iutegritatem
1452 2881 1536 2930 ipse
1562 2880 1705 2929 primus
1733 2879 1870 2918 scholii
1898 2879 2021 2917 editor
2055 2878 2298 2917 addubitavit.
2348 2878 2395 2917 cf.

347 2938 670 3000 liudp-*Alcestis
694 2940 815 2979 edidit
837 2939 1083 2990 Augustus
1108 2941 1386 2981 Witzschel.
1421 2941 1525 2981 Jenae
1547 2941 1642 2980 1845
1670 2956 1706 2993 p.
1730 2942 1762 2981 1.
1815 2938 2044 2988 κατασκευήν,
2067 2945 2104 2981 in
2133 2937 2396 2990 καταστροφήν

347 3005 482 3043 mutari
508 3008 645 3055 potest.
702 3003 744 3041 G.
773 3003 984 3043 Dindort'-
