2661 3408
202 194 290 246 31-

216 338 347 396 nique
376 337 562 382 fabulam
593 336 767 383 alicuius
805 343 980 396 poetae,
1034 337 1103 395 qui
1136 352 1340 395 generum
1372 338 1632 383 scenicorum
1673 352 1724 382 ea
1767 336 1954 382 docenda
1995 339 2206 383 exstiterit
2245 340 2400 400 ampli-

219 422 397 476 fieutor3
439 423 652 480 reperient
692 423 826 465 omnis
862 422 1004 479 poesis
1041 427 1167 479 atque
1195 423 1299 465 artis
1334 423 1527 466 scenicae
1558 426 1846 478 corruptorem
1877 420 2081 479 quendam
2113 427 2238 480 atque
2264 431 2401 468 ever:-

218 518 373 552 sorem.
385 505 440 562 โดยน)

409 664 527 718 Quae
553 677 645 707 cum
684 664 741 706 ita
774 664 880 718 sint,
923 668 966 706 et
998 665 1132 707 omnis
1164 663 1270 707 haec
1309 663 1497 707 Koechlii
1530 665 1820 706 commentatio
1858 677 1951 706 cum
1983 677 2135 720 magna
2167 677 2399 720 argumen-

217 754 356 793 torum
386 747 560 792 levitate
602 747 863 790 decretorum
905 748 1131 791 maximam
1173 748 1382 791 licentiam
1417 748 1671 803 coniungere
1702 746 1918 801 videatur,
1966 747 2064 790 mihi
2096 747 2259 805 quidem
2290 761 2398 806 per-

218 846 387 877 suasum
420 837 509 886 est,
554 836 870 888 quantacunque
914 832 1005 875 eius
1047 831 1217 874 fabulae
1258 838 1373 875 recte
1406 831 1740 889 interpretandae
1772 833 1825 874 sit
1859 830 2102 886 difficultas,
2150 845 2293 875 omnes
2325 837 2398 874 ta-

218 929 340 970 men,
388 916 458 971 qui
490 916 531 958 ei
565 927 737 972 operum
770 928 887 958 suam
928 929 1091 959 navare
1131 915 1365 970 voluerint,
1415 917 1661 972 interpretes
1694 914 1765 958 illa
1798 915 1882 959 viri
1919 915 2126 970 ingeniosi
2158 916 2397 959 coniectura

218 996 347 1042 multo
379 996 543 1041 facilius
583 1002 708 1055 atque
739 996 997 1041 commodius
1031 1011 1129 1042 esse
1161 999 1365 1041 carituros
1398 1011 1519 1055 quam
1553 1010 1714 1041 usuros.

268 1168 315 1212 *J
344 1166 446 1205 Haec
472 1179 546 1205 non
570 1168 622 1205 ita
645 1167 838 1218 disputata
866 1180 956 1205 esse
981 1168 1167 1212 volumus,
1196 1181 1269 1219 quo
1296 1168 1492 1206 credamus
1517 1170 1643 1219 poetis
1668 1182 1739 1205 non
1763 1169 1875 1206 licere
1903 1167 2051 1205 fabulae
2073 1168 2233 1206 alicuius
2257 1169 2396 1206 exitum

348 1233 401 1269 ita
431 1236 660 1282 temperare,
699 1236 740 1268 ut
764 1231 1082 1268 homuncionibus
1109 1232 1272 1281 plebeiis
1299 1234 1508 1283 triumphus
1536 1235 1644 1283 quasi
1671 1235 1820 1283 quidam
1855 1233 1900 1270 de
1925 1235 2141 1282 generosis,
2174 1236 2395 1283 praestanti-

345 1295 495 1347 busque
523 1296 667 1334 naturis
695 1295 923 1335 decernatur.
979 1296 1060 1335 Hoc
1091 1300 1129 1335 et
1159 1297 1237 1334 fieri
1263 1310 1382 1347 posse
1410 1301 1447 1335 et
1472 1298 1608 1335 factum
1637 1311 1725 1336 esse
1752 1298 2001 1336 concedimus.
2055 1296 2130 1336 Sed
2160 1311 2242 1352 cum
2271 1299 2395 1336 omnis

344 1361 480 1411 poesis
511 1362 665 1398 scenica
700 1362 801 1398 vitae
831 1365 869 1398 et
897 1373 1037 1398 morum
1067 1360 1311 1397 humanorum
1346 1362 1501 1411 specula
1535 1364 1644 1412 quasi
1677 1362 1859 1412 quaedam
1897 1362 1945 1398 oh
1973 1362 2104 1399 oculos
2131 1361 2242 1398 nohis
2268 1365 2395 1412 ponat,

345 1426 450 1463 nulla
479 1425 607 1464 fabula
635 1426 807 1476 plausum
835 1429 1087 1475 spectatorum
1120 1425 1336 1469 merebitur,
1388 1438 1484 1475 quae
1512 1439 1644 1464 omnes
1674 1427 1886 1466 honestatis
1919 1439 2058 1464 sensus
2086 1430 2211 1476 aperte
2243 1426 2396 1463 irrideat

346 1494 460 1540 atque
487 1490 691 1528 cavilletur.
758 1490 891 1540 ltaque
922 1494 1078 1540 poetae,
1118 1492 1181 1539 qui
1209 1490 1321 1527 talem
1356 1489 1507 1527 fabulae
1539 1503 1633 1527 suae
1664 1491 1802 1528 exitum
1834 1494 2042 1540 comparat,
2080 1490 2209 1540 utique
2245 1502 2306 1527 res
2342 1490 2394 1527 ita

346 1556 417 1592 erit
440 1554 689 1597 instituenda,
728 1557 769 1591 ut
798 1555 971 1603 utrinque
1002 1555 1038 1591 in
1070 1558 1245 1603 utraque,
1279 1556 1319 1589 ut
1346 1555 1468 1597 aiunt,
1504 1554 1622 1591 librae
1650 1555 1757 1591 lance
1783 1554 1926 1604 aliquid
1951 1548 2145 1604 praeterea
2172 1555 2392 1603 imponatur,

346 1632 420 1669 quo
446 1623 484 1657 et
509 1623 711 1668 praestans
745 1618 809 1656 ille
838 1618 993 1656 alterius
1021 1619 1140 1668 partis
1174 1619 1381 1655 animorum
1409 1619 1517 1655 nisus
1545 1618 1773 1669 aliquantum
1809 1619 1985 1669 deprimi,
2022 1622 2059 1655 et
2086 1617 2215 1655 frivola
2242 1617 2394 1655 alterius

344 1684 465 1732 partis
491 1682 628 1720 levitas
654 1682 835 1732 ponderis
862 1682 1007 1732 aliquid
1035 1683 1205 1731 accipere
1231 1681 1413 1719 videatur.
1467 1680 1642 1718 Neutrum
1671 1682 1733 1719 hic
1764 1695 1852 1720 esse
1879 1682 2013 1719 sactum
2043 1681 2245 1719 Koechlius
2272 1681 2393 1723 docet,

344 1746 415 1783 sed
440 1759 585 1790 merae,
627 1750 668 1783 ut
696 1748 748 1784 ita
776 1746 921 1790 dicam,
960 1747 1084 1782 virtuti
1112 1758 1251 1783 meram
1282 1747 1497 1795 oppositam
1526 1759 1615 1784 esse
1638 1747 1834 1795 ignaviam.
