2661 3408
2 1028 5 1036 .
1 928 6 996 ...nae
0 480 10 907 -μμῆ-ᾳΜ--ψγ-ψψφ-.ι-ἡ,.-ῌ
3 438 5 440 <
0 385 2 389 ·
0 330 5 355 >'
1 300 4 302 ⁴

244 79 256 93 ¹1
266 92 268 94 .

245 107 266 131 ζ’,ᾰ
302 118 306 122 ’

257 141 268 160 C>
282 149 291 161 ›
296 138 300 141 ⁴

271 330 374 366 oras
402 321 447 364 in
476 319 696 365 Alcestide
727 325 772 363 te
804 320 1088 377 investigasse
1119 320 1314 378 princeps
1346 319 1702 377 tragicomoediae
1733 321 1907 364 alicuius
1937 322 2047 364 inter
2077 320 2267 365 Graecos
2299 337 2458 366 exem—-

270 404 448 464 βαι-ἒ)
510 403 560 448 ld
592 405 729 463 ipsum
759 417 853 447 cum
884 415 967 460 ego
1000 417 1247 461 quaererem
1278 402 1385 447 hanc
1418 402 1600 447 fabulam
1629 403 1790 447 evolvi.
1853 403 2093 448 Frustratus
2135 419 2183 449 es
2220 412 2452 464 exspecta-

271 488 430 533 tionem
456 501 623 532 meam:
678 491 889 531 transacta
922 490 1048 544 atque
1081 485 1277 531 confecta
1310 491 1374 532 est
1406 500 1499 531 mea
1532 486 1695 545 quidem
1728 501 1822 531 cum
1847 486 2064 532 Alcestide
2094 501 2178 532 res.

462 569 549 615 Sed
586 584 641 615 ne
678 583 782 630 prae
818 568 1039 627 magnifica
1084 569 1182 625 illa,
1236 584 1317 629 qua
1354 570 1577 614 Koechlius
1627 570 1807 614 fucatam
1848 584 1965 615 suam
2001 571 2194 616 Alcestin
2240 574 2451 629 instruxit,

271 667 427 715 pompa
470 660 594 713 atque
637 656 805 699 incessu
845 653 1028 713 superbo
1073 655 1362 699 inconcinnior
1401 655 1472 699 illa
1506 655 1714 713 Euripidis
1753 655 1939 699 Alcestis
1971 656 2130 713 pudens
2172 658 2291 714 quasi
2322 670 2449 714 porro

273 739 319 783 in
348 738 556 799 publicum
586 736 758 797 prodire
788 736 1123 793 verecundetur,
1157 751 1208 780 ea
1244 752 1351 796 quae
1382 738 1434 782 de
1460 737 1648 782 Koechlii
1675 739 1875 781 universa
1901 737 2069 781 fabulae
2101 739 2210 783 illius
2241 739 2450 783 informa-

273 824 390 867 tione
430 822 756 881 disputavimus,
796 820 867 879 (p.
896 820 956 875 7)
1000 821 1145 878 paucis
1183 820 1427 878 quibusdam
1467 828 1685 880 praeterea
1726 821 2005 879 supplebimus
2047 822 2362 878 additamentis;
2404 829 2451 866 ut

276 913 533 965 quantopere
564 906 617 948 de
651 906 834 963 speciosi
866 903 976 946 illius
1005 910 1227 961 apparatus
1263 905 1439 959 damno,
1489 905 1597 961 quod
1629 905 1767 947 fabula
1796 919 1892 948 esse
1924 905 2084 948 factura
2116 906 2333 960 videatur,
2365 920 2451 949 no-

272 990 338 1034 bis
365 991 420 1034 sit
450 988 697 1043 dolendum,
737 989 839 1031 satis
871 993 1083 1045 appareat.

460 1072 606 1130 Itaque
637 1085 730 1115 cum
769 1085 897 1128 supra
932 1069 989 1113 de
1034 1072 1331 1113 contentione
1363 1070 1448 1113 illa
1486 1070 1904 1113 diversissimarum
1950 1077 2226 1114 naturarum
2258 1074 2327 1115 vir
2366 1072 2451 1115 do-

273 1161 365 1203 ctus
397 1156 571 1202 strictim
601 1168 681 1200 nos
716 1135 955 1210 edocuerit,
998 1155 1040 1197 in
1073 1167 1154 1212 qua
1185 1152 1459 1197 describenda
1497 1152 1664 1198 fabulae
1697 1167 1892 1199 summam
1924 1155 2034 1198 verti
2066 1160 2279 1210 censeret,
2314 1155 2376 1214 (p.
2397 1156 2450 1211 7)

272 1254 384 1286 nunc
419 1240 639 1284 videamus
672 1239 906 1284 sententiae
938 1237 1047 1282 illius
1080 1238 1292 1281 interiora.
1358 1237 1615 1290 Quaeremus
1649 1239 1773 1294 igitur
1804 1239 2000 1296 primum,
2034 1240 2221 1297 quinam
2254 1241 2335 1283 sint
2366 1239 2451 1282 fri—

274 1323 362 1380 gidi
399 1324 468 1366 isti
504 1328 629 1379 atque
660 1321 807 1364 insulsi
845 1321 1058 1375 homines,
1103 1322 1211 1362 inter
1253 1333 1356 1376 quos
1390 1320 1500 1362 dicat
1533 1321 1723 1363 Alcestin
1764 1323 1805 1363 in
1835 1321 1913 1363 hac
1944 1321 2084 1363 fabula
2122 1322 2319 1364 versari?
2366 1329 2451 1365 tum

274 1406 440 1465 quales
468 1407 573 1460 sint,
615 1410 658 1448 et
685 1403 928 1462 quibusnam
961 1405 1239 1461 coqnitionis
1271 1404 1396 1445 notis
1428 1402 1479 1445 ab
1513 1402 1745 1447 hominibus
1776 1404 1887 1459 frugi
1921 1403 2242 1463 discernant-ur?
2287 1405 2451 1461 deinde,

275 1492 490 1540 cuinam,
535 1488 609 1532 vel
641 1487 886 1546 quibusnam
918 1485 1290 1544 praestantioribus
1321 1488 1515 1543 personis
1552 1500 1648 1529 esse
1689 1486 1827 1529 collati
1869 1491 1991 1543 atque
2029 1492 2073 1529 ut
2110 1489 2309 1531 contrarii
2341 1501 2451 1531 con-

273 1574 415 1617 trariis
446 1572 627 1630 oppositi
660 1569 885 1614 dicantur?
942 1568 1120 1627 denique
1152 1570 1367 1627 quisnam
1400 1582 1457 1611 ex
1485 1568 1589 1621 hac,
1622 1582 1742 1625 quam
1775 1569 1905 1622 dicat,
1950 1568 2205 1626 singularum
2239 1584 2451 1628 persona-

273 1668 364 1698 rum
406 1660 448 1697 et
487 1656 664 1712 partium
709 1653 1041 1696 conformatione
1087 1653 1211 1695 totius
1253 1650 1447 1704 fabulae,
1500 1653 1758 1708 actionisque
1800 1666 2079 1710 proyressus
2124 1659 2246 1710 atque
2296 1655 2453 1696 eoeitus

275 1737 385 1782 effici
416 1737 645 1781 videatur?

463 1820 645 1864 Primum
678 1820 826 1875 igitur:
872 1831 1075 1875 quaenam
1103 1822 1197 1860 sunt
1226 1816 1406 1871 frigidae
1439 1818 1568 1871 istae,
1617 1831 1718 1874 quas
1751 1817 1870 1872 dicit,
1913 1823 2035 1875 atque
2066 1814 2255 1862 insulsae
2284 1820 2451 1864 fabulae

274 1905 385 1948 illius
414 1903 656 1961 personae?
708 1901 845 1959 Supra
874 1902 1013 1944 docuit
1045 1901 1109 1957 (p.
1131 1900 1182 1954 6)
1212 1902 1254 1943 in
1286 1905 1523 1957 satyrorum
1553 1915 1628 1943 seu
1661 1899 1964 1955 choreutarum,
1997 1915 2100 1958 quos
2130 1902 2282 1957 dicunt,
2314 1903 2450 1946 locum

275 2001 348 2032 eas
381 1985 433 2030 ab
456 1979 669 2043 'Euripide
702 1999 798 2030 esse
833 1983 1040 2030 suffectus.
1106 1982 1265 2027 Horum
1297 1982 1448 2039 igitur,
1490 1981 1641 2037 cr,edo
1678 1987 1817 2040 partes
1850 1984 2029 2026 maxime
2061 1982 2305 2040 tuebuntur,
2338 1990 2380 2029 et
2409 1986 2451 2029 in

274 2068 392 2115 chori
433 2067 684 2114 carminibus
727 2066 953 2126 praecipue
998 2064 1213 2125 spirabunt
1253 2065 1425 2110 istorum
1462 2063 1713 2109 nebulonum
1757 2064 1888 2111 studia
1926 2064 2150 2111 humillima
2190 2072 2313 2127 atque
2353 2069 2452 2113 ine-

273 2151 423 2213 ptiae?
491 2150 645 2207 Immo,
696 2150 910 2196 rarissima
948 2147 1173 2194 Koechlius
1206 2149 1248 2192 in
1280 2149 1330 2192 iis
1364 2146 1527 2206 quidem
1562 2148 1770 2207 nequitiae
1805 2135 1911 2192 illius
1954 2149 2104 2193 indicia
2140 2149 2452 2209 deprehendere

274 2235 355 2281 sibi
385 2236 504 2280 visus
534 2239 620 2279 est:
665 2238 835 2292 praeter
868 2245 964 2276 eum
995 2244 1203 2289 nunquam
1242 2232 1456 2289 quisquam
1498 2231 1595 2274 ulla.
1679 2233 1738 2276 At
1770 2234 1899 2290 potuit
1931 2234 1972 2275 in
2011 2218 2116 2277 alios
2151 2240 2275 2292 poeta
2308 2247 2453 2278 eorum

274 2319 582 2365 similitudinem
612 2317 858 2361 transferre.
924 2316 1135 2369 Potuerit3
1185 2317 1226 2358 in
1265 2328 1368 2372 quos
1404 2317 1532 2371 igitur
1565 2315 1809 2358 transtulit?
1869 2316 2081 2373 Nusquam
2116 2317 2340 2361 Koechlius
2372 2318 2453 2361 hoc

275 2402 442 2446 definite
483 2401 618 2444 docet.
706 2399 777 2443 Ad
821 2399 980 2441 calcem
1021 2400 1379 2441 commentationis
1421 2398 1642 2455 disputatio
1684 2411 1736 2440 eo
1778 2398 1979 2452 decurrit,
2024 2405 2068 2442 ut
2114 2402 2268 2456 primas
2309 2414 2453 2444 eorum

273 2485 506 2540 Admetus,
545 2483 725 2538 Pheres,
767 2482 972 2525 Hercules
1001 2495 1131 2537 agere
1159 2480 1375 2523 dicantur:
1422 2495 1518 2523 rara
1553 2480 1755 2539 quaedam
1787 2481 1969 2523 eiusdem
2002 2481 2238 2526 humilitatis
2276 2485 2317 2526 in
2345 2484 2454 2527 cho-

403 2684 537 2726 simus,
566 2681 640 2717 hac
667 2680 714 2717 de
736 2693 777 2717 re
802 2681 838 2716 in
865 2677 1013 2717 Orestis
1039 2680 1207 2728 proemio
1233 2677 1376 2722 (orest.
1404 2679 1515 2715 edict.
1542 2677 1660 2714 Hart.
1694 2674 1809 2720 1849)
1839 2678 2054 2727 disputavit,
2083 2691 2202 2728 aeque
2226 2684 2337 2729 atque
2359 2681 2455 2718 haec

401 2745 573 2783 Koechlii
600 2745 872 2794 interpretatio,
903 2743 951 2780 ad
976 2743 1167 2781 arbitrium
1191 2755 1280 2780 esse
1307 2746 1430 2779 sumta
1456 2741 1547 2778 mibi
1564 2741 1758 2786 ‘videntur-

325 2841 371 2883 ὕ)
403 2836 512 2881 Quod
535 2836 702 2874 fabulam
728 2834 916 2879 Alcestin,
954 2847 1065 2885 quam
1099 2833 1300 2871 Koechlius
1334 2834 1563 2877 informavit,
1600 2833 1647 2870 ad
1675 2835 2048 2881 tragicomoediarum
2074 2848 2193 2883 genus
2224 2836 2455 2879 referendam

405 2914 496 2941 esse
522 2913 739 2946 censemus,
780 2913 853 2939 non
887 2913 985 2951 opus
1019 2912 1109 2938 esse
1141 2899 1305 2944 videtur,
1342 2903 1381 2936 ut
1416 2897 1529 2936 huius
1563 2897 1726 2934 nominis
1763 2899 1800 2935 et
1828 2899 2038 2936 sententiae
2073 2900 2253 2937 rationem
2287 2899 2457 2950 pluribus

403 2965 528 3004 verbis
552 2963 850 3015 comprobemus.
902 2963 1113 3001 Dummodo
1136 2964 1247 3006 enim,
1271 2975 1369 3013 quae
1392 2963 1556 3012 protulit,
1584 2965 1684 2998 recte
1707 2965 1836 2998 essent
1860 2962 2061 3012 disputata,
2087 2967 2162 3000 tum
2185 2963 2279 3000 nihil
2306 2964 2457 3013 quidem

405 3030 499 3067 soret
527 3030 677 3072 certius,
706 3040 819 3078 quam
844 3040 912 3065 eas
939 3031 977 3065 et
1002 3028 1226 3065 comicarum
1252 3031 1289 3065 et
1310 3029 1533 3076 tragicamm
1556 3038 1797 3075 personarum
1825 3028 1861 3064 in
1889 3040 1936 3064 ea
1959 3029 2180 3065 coniunctas
2205 3040 2294 3065 esse
2321 3021 2457 3077 partes,

405 3091 544 3146 quibus
569 3092 607 3129 in
634 3090 736 3130 nullo
763 3091 840 3129 nisi
869 3090 1244 3143 tragicomoediarum
1269 3103 1403 3141 genere
1430 3090 1583 3128 scenico
1607 3090 1719 3128 simul
1747 3089 2015 3129 adumbrandis
2041 3090 2149 3129 locus
2177 3094 2291 3130 esset.
