2661 3408
630 209 940 313 Bocchum
971 245 1021 289 in·
1047 242 1198 289 eodem
1228 243 1410 303 prologo
1440 242 1622 290 notabile
1641 259 1751 293 ‘eae
1785 251 1963 303 censet,
1999 246 2257 305 quod-sffim
2273 248 2375 306 me,

624 321 748 385 γ’ἧῇζ
783 328 898 373 verit
924 326 1110 386 Apollo,
1153 331 1340 372 atrocem
1372 326 1619 372 inferorum
1631 327 1840 374 dominum
1869 329 1924 374 de
1954 329 2079 375 mulis
2109 330 2209 375 aliis
2231 331 2374 389 rebus,

722 409 886 467 botai,
927 411 1010 456 nisi
1044 409 1101 456 da
1128 409 1350 467 magnifico
1382 412 1674 470 exsequiarum
1704 417 1853 459 ornatu
1887 417 2013 471 atque
2043 418 2245 472 apparatu
2272 427 2374 461 mo-

403 476 601 555 §fij-⁴¹¹),
635 482 752 551 Quid
775 500 862 540 tum
878 494 903 538 ’ἰ
963 494 1137 540 Diceret
1165 494 1349 540 fortasse
1381 494 1560 553 aliquid,
1605 496 1667 551 si,
1711 494 1859 553 quihus
1890 497 1983 554 quis
2014 496 2234 555 aliquando
2265 497 2372 544 alhs

356 568 412 639 ζ’
437 610 440 615 ,
441 583 730 635 ΝΜ,
773 578 921 622 iisdem
947 577 1074 621 rebus
1106 584 1149 621 et
1179 578 1407 621 rationibus
1439 584 1571 622 semet
1604 579 1738 634 ipsum
1768 591 1935 636 semper
1964 578 2017 622 ab
2053 579 2145 623 aliis
2174 579 2372 623 facillime

343 656 615 723 moveri
627 659 752 707 simul
783 659 1062 704 confiteretur.
1138 660 1255 713 Quae
1293 660 1458 718 quidem
1489 661 1671 718 suspicio
1703 665 1959 719 quantopere
1999 660 2052 705 ab
2085 663 2197 706 omni
2231 661 2371 706 iudicii

368 740 371 741 ⁷
392 742 688 799 aldion-reat,
727 755 851 787 nemo
879 747 969 799 est,
1012 743 1113 801 quin
1142 742 1300 787 videat.
1372 743 1445 788 An
1482 757 1574 786 cum
1606 743 1705 787 Orci
1734 743 1834 787 illud
1868 750 2096 789 monstrum
2127 745 2370 790 immanibus

270 824 559 882 hidarum
589 827 866 886 satyricarum
897 826 1100 885 portentis
1134 839 1160 870 a
1195 827 1301 871 viris
1334 825 1465 870 doctis
1508 827 1740 885 comparari
1771 825 1928 883 soleat,
1950 827 2034 884 ’ἢ
2075 827 2265 887 Apollini
2299 833 2370 874 aut

269 960 277 971 ᾗ
312 913 323 964 j,
369 911 556 967 maxime
584 922 750 966 rerum,
792 921 902 967 quae
931 922 1069 968 neque
1100 908 1259 966 oculis,
1297 922 1432 967 neque
1463 908 1653 966 auribus,
1692 922 1771 953 nec
1798 922 1924 955 sensu
1952 909 2038 955 ullo
2071 911 2231 970 percipi
2260 923 2368 970 pos-

227 1050 229 1052 ·
274 988 289 994 '¹
340 990 420 1042 sed
441 1006 546 1054 quas
577 993 670 1040 sola
700 998 840 1036 mente
872 998 915 1035 et
946 994 1204 1049 cogitatione
1234 993 1415 1035 maxime
1448 992 1771 1050 complectimur,
1801 992 1945 1037 laudes
1973 999 2016 1037 et
2039 995 2223 1038 rationes
2249 999 2368 1039 erant

93 1095 112 1130 j.
190 1072 499 1142 mae,
541 1081 613 1121 aut
650 1077 732 1134 ipsi
772 1075 853 1119 deo
890 1089 973 1119 una
1015 1088 1107 1119 cum
1152 1077 1233 1119 isto
1277 1074 1480 1118 daemone
1519 1076 1634 1118 nimii
1674 1075 1883 1121 cuiusdam
1922 1090 2063 1120 rerum
2100 1083 2367 1122 externarum

179 1159 318 1217 sdpdfl
357 1157 573 1207 subeunda
613 1159 694 1204 erit
736 1158 921 1217 suspicio
962 1161 1084 1216 atque
1119 1155 1288 1201 infamia
1303 1156 1329 1200 ’ἲ
1400 1155 1467 1202 Ne
1504 1156 1772 1217 sycophantis
1813 1157 2001 1217 quidem,
2043 1158 2193 1205 nedum
2231 1162 2365 1220 poetis

0 1271 37 1307 ᾗ.
136 1257 141 1261 ’
191 1244 347 1293 Affinis
376 1243 419 1289 id
455 1255 636 1303 unquam
669 1244 799 1287 moris
831 1242 962 1286 fuisse
993 1240 1199 1284 credimus
1212 1272 1226 1296 ,
1276 1245 1321 1284 ut
1360 1241 1532 1284 crimina
1575 1242 1931 1302 quantulacunque
1967 1248 2080 1287 tanta
2118 1245 2365 1304 suspicionis

190 1328 368 1374 levitate
404 1327 654 1372 confirmare
686 1332 946 1370 conarentur.

380 1409 468 1457 Sed
498 1410 571 1455 illa
601 1409 765 1467 quidem
796 1422 892 1453 esse
919 1407 1135 1452 levissima
1166 1409 1258 1464 ipse
1283 1405 1506 1449 Koechlius
1537 1406 1745 1451 fatebitur.
1778 1432 1832 1440 --
1876 1408 2020 1465 Itaque
2050 1411 2255 1454 ommissis
2285 1411 2365 1466 his,

191 1509 278 1542 non
321 1494 496 1539 dicimus
537 1491 865 1551 suspicionibus,
910 1489 987 1535 sed
1029 1489 1266 1547 suspicandi
1307 1489 1547 1547 quibusdam
1590 1490 1896 1547 prolusionibus
1933 1505 1957 1534 a
1989 1492 2167 1550 prologo
2200 1495 2282 1538 iam
2311 1494 2365 1538 ad

191 1580 328 1640 ipsam
359 1577 544 1623 fabulam
574 1575 852 1622 transibimus.
897 1574 946 1619 In
977 1586 1031 1619 ea
1062 1578 1214 1629 autem,
1246 1578 1463 1631 postquam
1491 1572 1547 1616 dii
1574 1573 1633 1617 illi
1659 1587 1684 1617 a
1716 1586 1843 1619 scena
1870 1574 2165 1632 discesserunt,
2192 1576 2258 1631 (v.
2280 1575 2363 1632 76)

192 1664 319 1709 intrat
348 1660 501 1706 chorus
533 1673 592 1705 ex
621 1658 786 1718 civibus
818 1659 971 1704 vicinis
997 1657 1275 1715 compositus,
1303 1662 1345 1700 et
1374 1661 1496 1700 cantu
1520 1656 1686 1714 lugubri
1717 1658 1936 1702 instantem
1965 1659 2146 1703 miserae
2170 1658 2364 1705 Alcesti-

192 1745 257 1793 dis
287 1748 467 1790 mortem
499 1742 747 1801 deplorans,
792 1740 1119 1799 aegritudinem,
1167 1753 1249 1798 qua
1280 1741 1371 1797 ipse
1400 1740 1590 1797 angitur,
1633 1745 1718 1784 tam
1751 1739 1955 1785 flebilibus
1992 1747 2136 1786 cantus
2175 1742 2363 1800 lugubris
2385 1792 2396 1804 ⁸

191 1828 327 1874 medis
367 1826 652 1887 proloquitur,
702 1831 747 1870 ut
786 1839 841 1869 ne
880 1826 972 1883 ipse
1013 1823 1237 1869 Koechlius
1280 1823 1444 1881 quidem
1481 1822 1701 1882 quidquam
1735 1823 1978 1868 facetiarum
2018 1839 2075 1870 ex
2115 1827 2166 1870 iis
2209 1829 2364 1872 eruerit

190 1916 361 1972 praeter
396 1910 656 1955 decantatam
697 1908 812 1952 illam
846 1907 1080 1952 mortalium
1112 1907 1388 1951 cantilenam:
1441 1908 1498 1951 ita
1535 1921 1631 1952 esse
1662 1907 1792 1952 semel
1822 1907 2041 1952 herbarum
2081 1915 2123 1954 ct
2156 1909 2363 1956 hominum

190 1986 361 2039 naturas
393 1998 681 2051 comparatas,
728 1996 774 2034 ut
807 1991 959 2035 nullius
989 1990 1145 2034 herbae
1175 2003 1323 2034 succus
1354 1989 1427 2033 ulli
1462 1989 1618 2033 homini
1647 1995 1804 2033 certam
1834 1990 2009 2049 aliquam
2042 1994 2175 2049 possit
2203 2007 2363 2052 suppe-

191 2077 326 2123 ditare
365 2077 512 2120 mortis
552 2074 811 2119 medicinam.
834 2073 949 2129 ⁴⁴⁴)
1032 2072 1104 2117 Ad
1145 2072 1251 2116 hanc
1293 2086 1400 2117 vero
1450 2073 1631 2130 agrestis
1671 2086 1772 2116 sane
1811 2073 2081 2132 simplicitatis
2119 2077 2363 2134 sapientiam

190 2159 410 2205 admodum
448 2156 694 2217 popularem
737 2158 775 2201 si
816 2158 908 2215 quis
948 2156 1059 2201 forte
1102 2155 1340 2211 subrideat,
1380 2169 1464 2200 non
1494 2155 1682 2213 Euripidi
1715 2155 1827 2199 illam
1867 2155 2113 2202 hilaritatem
2149 2164 2363 2216 acceptam

188 2241 376 2298 referat,
418 2239 496 2287 sed
530 2241 611 2300 ipsi
640 2238 858 2284 Koechlio.
928 2238 1056 2298 Apud
1094 2237 1335 2297 Euripidem
1371 2244 1485 2282 certe
1516 2237 1629 2283 nulla
1662 2239 1834 2283 istarum
1867 2237 2086 2285 herbarum
2119 2240 2163 2285 fit
2194 2243 2361 2287 mentio.

188 2325 414 2373 Koechlius
449 2337 557 2370 vero
593 2337 679 2368 non
707 2322 788 2368 hoc
815 2336 899 2368 uno
934 2323 1032 2368 loco
1066 2322 1142 2368 sed
1180 2323 1336 2382 passim
1381 2336 1433 2365 ea
1469 2321 1661 2366 libertate
1698 2323 1899 2367 incautius
1938 2323 2050 2368 abuti
2086 2324 2277 2380 videtur,
2319 2331 2365 2369 ut

189 2409 393 2468 quaedam
421 2408 562 2452 facete
595 2407 705 2451 dicta
737 2406 857 2450 huius
888 2406 1057 2450 fabulae
1087 2407 1418 2464 interpretationi
1458 2406 1717 2462 interponat,
1759 2410 1802 2447 et
1840 2404 1988 2448 deindc
2004 2398 2190 2462 doceat,
2230 2407 2364 2451 Euri..

188 2493 313 2554 pidea
353 2493 482 2549 igitur
529 2490 583 2536 ad
623 2490 872 2535 hilaritatem
920 2489 1184 2534 excitandam
1225 2494 1370 2547 aperte
1415 2501 1511 2532 esse
1553 2489 1795 2609 comgosita.
1817 2488 1875 2542 †)
1945 2487 2030 2533 Sed
2068 2489 2141 2533 illo
2183 2490 2364 2547 quidem,

239 2652 287 2697 ⁴*)
314 2650 378 2688 1.1.
412 2662 452 2701 p.
471 2647 560 2687 367.
611 2648 688 2687 mer
711 2648 891 2696 §thanatos
920 2646 1008 2696 mist
1036 2646 1144 2695 δίψη
1181 2647 1282 2685 rein
1316 2645 1603 2684 materieiten
1630 2645 1753 2684 ‹bruni›
1781 2647 1843 2685 mit
1871 2647 1928 2684 ber
1954 2647 2031 2685 eben
2061 2647 2095 2695 5⁰
2121 2648 2280 2697 ritbtigen
2306 2649 2362 2687 axo

316 2713 601 2753 vetustum
632 2712 825 2762 &viget-ung
856 2712 897 2751 ab
925 2723 985 2762 sq.

215 2788 289 2832 ¹⁵¹¹)
317 2786 364 2825 cf.
400 2784 543 2834 ssbolf
573 2784 778 2833 efflatu,
818 2783 984 2834 zeitrsge
1009 2794 1068 2833 gur
1094 2782 1265 2832 Renntnifi
1299 2782 1356 2820 ber
1382 2780 1500 2831 gried».
1535 2780 1706 2830 zragb'bie
1742 2794 1777 2831 p.
1801 2779 1836 2819 3.
1898 2780 2125 2835 Hartuug.
2159 2781 2363 2835 Euripides

316 2851 515 2888 restitutus
548 2848 654 2888 Tem.
675 2849 706 2887 1
742 2861 780 2900 p.
801 2847 890 2887 231.

188 2924 287 2968 ffl)
314 2922 340 2961 1.
355 2922 381 2961 Ι
406 2934 446 2972 p.
466 2918 555 2960 368.
606 2921 678 2968 gar
702 2921 765 2961 ben
791 2919 865 2960 zob
892 2919 963 2959 teia
986 2919 1100 2960 strant
1123 2919 1306 2970 gewacbsen
1332 2917 1384 2967 {ft

148 2996 151 3001 “
238 2995 290 3041 ᾧ)
317 2993 383 3031 Ι.1.
409 3006 448 3044 p.
466 2990 556 3030 3⁷2.
607 2991 681 3038 fflir
705 2992 766 3041 ibit
791 2991 955 3038 (meet)
983 2991 1029 3040 fet
1054 2993 1147 3042 zm
1173 2992 1242 3032 aab
1268 2989 1376 3039 &piet
1399 2989 1530 3029 aurbei.
1583 2989 1629 3028 cs·
1656 2987 1799 3030 Alcest.
1823 2988 1911 3030 340.
1938 2988 1976 3041 p.
1993 2989 2080 3030 373.
2132 2989 2272 3040 Βιβεῐῐε
2297 2990 2364 3030 mir

317 3054 480 3105 unterbefi
508 3056 568 3101 (iu
594 3056 652 3094 bet
677 3056 882 3101 natumst)
907 3054 1094 3097 Dum-tier.
1147 3055 1195 3093 cf.
1223 3054 1369 3094 Alcest.
1397 3052 1485 3091 362.
1514 3056 1552 3090 et
1579 3052 1619 3091 id
1643 3066 1764 3104 genus
1790 3054 1878 3093 alia.
