2661 3408
499 294 504 306 ς
531 244 641 311 f'Jsg-
670 276 694 305 «2
724 251 921 306 quantam
952 244 1147 292 fortunae
1171 243 1302 291 faciat
1331 240 1557 301 iacturam,
1591 260 1738 302 regem
1764 252 1861 305 post
1890 252 2067 291 mortem
2090 242 2261 291 denium
2287 261 2405 292 uxo-

429 371 433 374 .
457 338 621 388 εκ.
636 335 954 391 perspecturum
983 328 1213 386 (v.156).
1285 329 1435 374 Denuo
1466 328 1571 374 haec
1606 331 1779 374 miratur
1809 329 2046 375 Koechlius.
2108 330 2279 377 Doloris
2309 334 2403 377 sci-

284 396 304 424 ’ΐ
348 391 377 405 Ψ
594 411 598 414 ’
611 419 753 459 certe
782 426 868 459 non
897 412 1190 472 impedimento
1231 412 1388 469 fuisse,
1432 413 1646 471 quominus
1677 415 1925 459 imminentis
1956 414 2199 458 calamitatis
2235 405 2403 472 plenum

230 554 246 568 ἦ
353 493 477 551 ,ἡ
495 502 584 543 hm
618 496 746 557 plane
785 500 1077 555 cognosceret.
1150 494 1422 556 Nequaquam
1453 501 1568 541 certe
1604 495 1727 542 ullius
1765 498 1956 542 tristitiae
1988 497 2269 555 magnitudine
2308 512 2402 543 eum

328 565 631 642 imum,
676 594 732 625 ne
775 582 858 623 iam
899 585 986 623 tum
1017 585 1114 623 ante
1144 586 1321 624 mortem
1349 579 1577 624 Alcestidis
1612 580 1664 623 ad
1695 581 1919 638 exsequias
1952 580 2172 639 aliquando
2203 581 2283 624 rite
2318 580 2402 625 du-

374 671 396 713 ’,
409 659 560 718 curum
585 664 678 723 ipse
709 665 943 722 susciperet
973 663 1346 722 comparandorum
1372 663 1605 707 funebrium
1635 664 1989 707 vestimentorum.
2007 664 2060 719 *)

254 752 278 791 ,³⁴
300 788 303 789 γ
333 751 335 753 ’
396 744 504 795 sod
538 746 686 792 eadem
716 746 797 790 hoc
826 745 924 790 loco
958 745 1244 790 admirationis
1274 747 1594 803 offensionisque
1625 748 1747 801 ratio,
1780 760 1885 804 quae
1917 760 2054 804 supra.
2101 745 2248 805 Neque
2277 748 2401 803 enim,

182 811 346 892 ,ἰ
370 831 416 876 ei
445 834 558 875 tecte
588 828 841 889 exprobrat,
884 830 1020 888 ipsum
1050 843 1198 888 regem
1216 830 1270 874 “id
1303 832 1560 874 commisisse
1590 829 1675 873 ullo
1707 829 1802 873 loco
1835 829 1985 873 ancilla
2016 835 2159 873 narrat
2170 830 2286 886 ,**)
2318 844 2402 874 ne-

195 916 314 976 φα,
349 915 516 960 etiamsi
545 915 609 958 rei
645 913 755 958 illius
791 914 1130 973 procurationem
1172 913 1350 972 aliquam
1390 915 1433 958 in
1475 927 1522 958 se
1563 915 1815 972 recepisset,
1861 913 1903 957 id
1934 928 1959 957 a
1990 913 2191 958 Koechlio
2224 913 2401 971 quidem,

165 987 412 1061 *wem
453 999 561 1043 vitio
602 999 714 1042 verti
758 996 943 1041 deberet.
1016 996 1066 1041 In
1106 999 1197 1055 ipsa
1239 999 1348 1041 enim
1389 997 1460 1041 illa
1502 998 1868 1054 commentatione,
1917 997 1970 1041 de
2006 1011 2086 1055 qua
2116 996 2183 1040 hic
2228 999 2402 1054 quaeri-

219 1094 347 1138 «ΠΒ,
377 1082 480 1127 satis
511 1086 649 1125 tuetur
678 1080 893 1124 Hecubam
923 1080 1037 1123 illam
1067 1080 1278 1137 Euripidis
1316 1094 1341 1123 a
1373 1080 1509 1124 multis
1546 1094 1673 1139 saepe
1710 1079 2005 1139 reprehensam
2036 1079 2242 1140 fabulam,
2282 1080 2402 1124 eius-

224 1144 311 1224 que
340 1178 538 1219 causam,
581 1170 628 1208 ut
657 1165 836 1222 primum
876 1163 1015 1220 aliqua
1046 1164 1331 1219 opportunitas
1371 1164 1466 1205 data
1504 1163 1653 1219 fuerit,
1697 1163 1881 1221 pluribus
1913 1169 1955 1206 et
1988 1164 2197 1221 copiosius
2228 1175 2275 1206 se
2293 1174 2402 1206 esse

221 1252 417 1293 <acturum
446 1246 681 1307 pollicetur.
696 1246 811 1302 ***)
861 1245 948 1291 Iam
977 1258 1085 1290 vero
1111 1244 1331 1303 Euripides
1365 1248 1408 1290 in
1441 1262 1491 1291 ea
1523 1247 1686 1304 quidem
1717 1228 1857 1291 fabula
1889 1250 2021 1306 ipsam
2046 1247 2273 1302 Hecubam,
2305 1260 2403 1290 om-

221 1333 366 1388 nium,
408 1344 516 1390 quae
547 1344 728 1389 unquam
759 1329 925 1374 fuerunt
957 1330 1218 1386 reginarum,
1249 1336 1447 1385 matrum,
1490 1333 1712 1387 coniugum
1742 1332 1870 1388 longe
1900 1333 2186 1386 miserrimam,
2218 1331 2314 1389 post
2342 1335 2404 1374 tot

224 1420 426 1474 vacceptas
458 1415 607 1472 regni,
660 1415 724 1457 rei
762 1412 1002 1469 familiaris,
1053 1411 1281 1469 libertatis,
1333 1412 1559 1458 liberorum
1596 1415 1801 1469 iacturas,
1854 1414 1924 1466 ubi
1962 1416 2138 1471 primum
2180 1414 2232 1457 de
2270 1428 2404 1471 nuper
2479 1428 2483 1432 ’

228 1499 441 1542 immolata
476 1499 692 1541 carissimu
725 1496 835 1552 filia,
882 1496 1126 1555 Polyxena,
1167 1497 1322 1540 certior
1353 1495 1464 1539 facta
1496 1501 1582 1551 est,
1625 1509 1829 1553 nugarum
1864 1497 2056 1552 istarum,
2096 1510 2197 1555 quas
2229 1495 2404 1541 Koech-

227 1581 309 1626 lius
355 1580 484 1637 ludit,
535 1585 953 1638 ornamentorumque
994 1581 1038 1623 in
1078 1579 1232 1623 filiolae
1273 1559 1460 1623 mortuae
1496 1579 1696 1623 honorem
1735 1580 2062 1638 colligendorum
2101 1580 2200 1625 facit
2239 1581 2404 1626 studio-

229 1666 448 1712 sissimam.
474 1664 534 1719 ᾧ)
596 1663 715 1721 Ergo
748 1669 818 1707 aut
852 1666 984 1722 ipsam
1024 1664 1136 1707 illam
1185 1664 1397 1707 doloribus
1441 1666 1663 1707 cruciatam
1695 1678 1744 1707 ac
1783 1678 1917 1722 paene
1959 1664 2191 1708 confectam
2230 1669 2404 1708 matrem

222 1748 416 1794 eiusdem
454 1748 707 1792 indolentiae
740 1753 782 1791 et
811 1746 1065 1792 lentitudinis
1098 1749 1223 1790 animi
1254 1747 1482 1803 insimulet,
1538 1761 1659 1805 quam
1691 1748 1733 1791 in
1764 1747 1945 1791 Admeto
1978 1749 2134 1806 carpit,
2187 1754 2256 1792 aut
2285 1748 2403 1793 huius

229 1839 347 1879 certe
379 1832 527 1892 culpae
562 1832 760 1887 crimine,
808 1833 925 1876 cuius
963 1832 1096 1876 omnis
1138 1833 1320 1889 suspicio
1361 1844 1444 1874 non
1477 1845 1501 1874 e
1532 1836 1682 1888 poetae
1726 1831 1920 1875 versibus
1955 1832 2029 1876 sed
2062 1847 2119 1875 ex
2151 1835 2403 1876 accusatoris

230 1917 420 1961 acumine
449 1921 543 1959 orta
574 1920 652 1971 est,
685 1916 810 1958 etiam
837 1914 1062 1958 Admetum
1094 1913 1303 1970 absolvat,
1331 1915 1577 1972 praesertim
1608 1928 1700 1957 cum
1733 1916 1787 1970 ei,
1823 1917 1946 1958 etiam
1978 1915 2057 1958 hoc
2090 1917 2260 1959 crimine
2292 1915 2405 1959 libe-

230 2006 362 2056 ratus,
404 1999 592 2059 plurimis
620 2003 842 2058 praeterea
872 1997 1105 2043 nominibus
1138 1999 1484 2055 gravissimorum
1516 1999 1729 2041 criminum
1759 2012 1856 2041 reus
1888 2004 2064 2042 maneat.

419 2157 499 2201 Hic
529 2156 742 2215 paulisper
773 2157 1036 2211 insistemus,
1078 2160 1123 2198 ut
1154 2168 1236 2212 quo
1278 2157 1437 2198 interea
1478 2159 1621 2198 nostra
1662 2159 1703 2197 et
1732 2153 1921 2198 Koechlii
1963 2155 2258 2213 disputationes
2298 2170 2406 2214 pro-

231 2240 461 2295 cesserint,
494 2244 537 2283 et
568 2238 666 2298 quid
696 2244 871 2297 utraque
905 2238 1139 2298 profecisse
1170 2237 1386 2293 videatur,
1428 2238 1816 2296 circumspiciamus
1844 2237 1949 2281 —Iam
1980 2252 2057 2296 per
2087 2238 2284 2284 ducentos
2314 2239 2407 2284 fere

231 2323 343 2367 illius
381 2322 550 2367 fabulae
586 2336 739 2368 versus
752 2323 847 2378 ††)
889 2327 974 2366 tam
1016 2321 1239 2380 diligenter
1282 2335 1400 2378 eum,
1442 2335 1522 2381 qua
1560 2322 1762 2381 praeivit,
1806 2335 1945 2366 sumus
1983 2324 2138 2380 secuti,
2179 2329 2223 2368 ut
2264 2337 2407 2369 omnes

232 2408 324 2453 eius
355 2409 616 2466 suspiciones
651 2407 801 2451 eodem
839 2405 985 2450 ordine
1001 2438 1015 2462 ,
1067 2418 1149 2464 quo
1184 2407 1497 2465 proposuisset,
1540 2405 1660 2451 nobis
1703 2419 1799 2450 esse
1832 2406 2127 2455 examinandas
2159 2412 2406 2465 putaremus.

254 2579 331 2623 '‘*)
358 2578 429 2616 l.1.
456 2576 544 2615 368.
612 2577 617 2580 ’

260 2664 333 2709 st)
363 2662 410 2702 cf.
436 2660 581 2700 Alcest.
608 2674 642 2698 v.
667 2658 750 2698 148.
779 2659 947 2699 Chorus:
987 2655 1121 2697 οὔκουν
1145 2656 1208 2697 ἐπ’
1223 2657 1317 2713 αὐτῇ
1342 2659 1547 2713 πράσσεται
1571 2659 1618 2697 τὰ
1641 2657 1857 2711 πρόςφορα;

761 2724 931 2764 Ancilla:
975 2720 1125 2773 Κόςμος
1148 2725 1314 2774 γὲτοιμος
1337 2722 1369 2775 ᾧ
1389 2739 1459 2772 σφε
1486 2720 1677 2774 συνθάψει
1702 2719 1821 2768 πόσις.

258 2814 358 2860 ffl)
386 2813 452 2850 l.l.
480 2810 569 2853 390.
674 2812 723 2856 ᾧ)
765 2811 812 2849 cs.
838 2810 994 2849 Hecuba
1019 2809 1145 2862 Eurip.
1174 2809 1262 2849 610.

258 2900 332 2944 st)
358 2895 527 2936 Alteram
561 2897 672 2947 igitur
698 2895 850 2934 fabulae
887 2894 1082 2935 dimidiam
1115 2900 1258 2949 partem
1285 2897 1358 2935 iam
1387 2897 1715 2949 perlustravimus,
1759 2898 1796 2935 in
1830 2910 1924 2948 qua,
1969 2911 2051 2936 cum
2077 2899 2113 2936 in
2141 2913 2176 2936 v.
2204 2897 2280 2937 402
2305 2897 2414 2936 Alce-

362 2961 478 3001 stidis
503 2974 607 3000 mors
635 2961 796 3004 incidat,
833 2961 1064 2999 diversarum
1087 2961 1233 2999 illarum
1260 2965 1470 2999 naturarum
1499 2961 1756 3013 discrepantia
1780 2966 1817 3000 et
1841 2964 2031 3001 contentio
2063 2975 2243 3014 apparere
2266 2961 2414 3002 debuis-

362 3029 444 3073 set,
468 3026 506 3065 si
536 3039 621 3066 eam
646 3026 807 3065 maxime
829 3029 946 3078 poeta
970 3025 1048 3066 sibi
1074 3026 1113 3065 in
1138 3024 1213 3065 hac
1238 3025 1366 3066 sabula
1393 3026 1653 3065 illustrandam
1678 3027 1954 3079 proposuisset.
