2661 3408
455 258 606 318 Incipit
634 262 772 301 autem
801 255 1157 314 diligentissimam
1185 254 1300 299 illam
1329 254 1498 300 fabulae
1529 256 1839 315 inquisitionem
1867 254 1922 302 ab
1950 254 2056 316 ᾖ

274 346 397 389 etiam
422 345 467 387 in
497 355 549 387 eo
577 343 699 397 signa
728 339 930 398 quaedam
959 345 1002 383 et
1030 339 1183 383 indicia
1215 338 1440 395 indagasse
1472 339 1552 384 sibi
1580 341 1698 384 visus
1725 345 1817 395 est,
1851 353 1913 384 ex
2046 386 2053 389 ,
2080 336 2104 403 ſs
2134 384 2167 402 ἰῇ,
2266 385 2287 403 ἡ

272 427 358 472 hac
382 425 546 485 quidem
574 422 717 469 fabula
751 422 968 467 condenda
996 421 1238 481 Euripidem
1274 420 1440 479 quidvis
1470 423 1608 480 potius
1642 428 1828 467 secutum
1862 425 1986 479 esse,
2023 420 2178 482 ‘ss‘
2194 414 2199 417 ”
2323 465 2345 478 ,,

228 487 231 489 μ
274 513 390 555 cuius
420 494 664 566 tragoediae
691 505 1002 564 componendae
1026 504 1147 562 leges
1180 510 1223 548 et
1256 506 1452 549 rationes
1515 505 1631 558 Quae
1662 511 1799 549 autem
1828 507 1872 550 in
1905 504 1987 550 hoc
2015 489 2350 570 prologo&

273 598 417 652 parata
451 591 749 647 investigavit
796 602 848 633 ea
881 588 934 633 ad
974 587 1178 647 duplicem
1219 585 1511 631 dubitationem
1542 589 1739 631 revocari
1777 592 1962 646 possunt.
2043 584 2243 634 Pffl'f·
2297 635 2310 654 4

275 690 328 722 eo
354 674 594 730 offenditur,
642 672 750 732 quod
780 671 962 732 Apollo,
998 670 1099 716 nihil
1127 669 1238 715 aliud
1267 675 1312 714 ut
1344 669 1474 714 divini
1511 669 1674 716 favoris
1707 684 1854 717 munus
1884 672 1928 716 in
1953 670 2179 718 Admetuh
2201 677 2267 718 ne
2269 666 2456 730 Μ

273 760 374 806 lisse
403 759 597 814 fateatur,
627 757 708 801 nisi
737 756 907 801 huiusce
937 757 1052 801 vitae
1082 754 1373 813 aliquantulum
1402 753 1643 813 productam
1673 756 2025 800 continuationem
2050 755 2119 812 (v.
2144 753 2254 812 1293
2274 743 2473 808 ‘m‘

274 843 415 888 mirari
443 841 635 891 videtur,
676 839 785 897 quod
811 839 920 883 idem
951 839 1052 882 deus
1081 840 1319 882 taeterrimo
1351 838 1411 881 illi
1437 838 1664 882 inferorum
1696 838 1886 883 daemoni
1915 852 2000 883 non
2022 832 2289 884 melion-ssiu
2283 831 2452 885 Q

274 926 417 980 nibus,
463 930 508 967 ut
538 923 743 968 Alcestidi
772 929 940 981 parcat,
976 922 1231 981 persuadere
1264 928 1459 978 conetur,
1507 936 1630 980 quam
1661 936 1803 966 earum
1840 937 1980 966 rerum
2009 922 2213 968 laudibus
2240 928 2286 968 et
2311 926 2450 969 w

274 1009 597 1062 memoratione,
638 1020 743 1063 quae
770 1004 855 1049 sub
887 1005 1033 1049 oculis
1056 1006 1243 1063 positae
1267 1007 1453 1063 percipi
1477 1007 1664 1063 possint
1695 1004 1918 1049 sensibus.
1959 1006 2034 1061 (v.
2059 1005 2120 1050 56
2144 1006 2235 1064 sq.)
2245 1005 2370 1062 ’3

459 1090 742 1135 Praemunivit
781 1093 917 1133 autem
956 1087 1049 1133 illas
1089 1087 1363 1133 dubitationes
1405 1086 1485 1132 hoc
1521 1086 1614 1132 fere
1651 1086 1788 1132 modo.
1873 1086 2052 1133 Nimium
2088 1088 2198 1133 enim
2232 1093 2445 1148 qm
2519 1088 2522 1092 ’

274 1177 438 1230 monet,
478 1173 600 1216 istum
633 1170 802 1215 huiusce
832 1170 999 1215 fabulae
1031 1170 1293 1230 Apollinem
1331 1171 1400 1229 qui
1431 1171 1656 1215 carissimis
1692 1169 1923 1216 hominibus
1961 1170 2063 1216 nihil
2093 1176 2262 1231 praeter
2291 1170 2444 1218 misal-
2540 1154 2544 1162 ¹
2583 1157 2599 1164 ,

274 1257 359 1301 lum
383 1256 553 1300 huiusce
578 1257 692 1299 vitae
717 1254 894 1299 fructum
919 1254 1043 1313 paulo
1071 1254 1366 1298 diuturniorem
1392 1255 1604 1312 impertire
1631 1256 1751 1311 sciat,
1782 1254 1937 1299 distare
1966 1261 2009 1299 et
2035 1254 2204 1300 differre
2232 1269 2258 1300 a
2281 1254 2446 1300 Iunme
2570 1233 2623 1306 {2

274 1340 347 1384 illa
375 1338 482 1398 apud
502 1338 757 1383 Herodotum
783 1337 1016 1394 celebrata,
1049 1352 1155 1396 quae
1182 1343 1371 1396 permota
1400 1337 1595 1394 Argivae
1626 1337 1838 1382 cuiusdam
1863 1337 2093 1383 sacerdotis
2125 1337 2319 1397 precibus
2346 1339 2442 1397 pios

275 1424 370 1467 illos
401 1424 445 1466 in
469 1428 642 1465 matrem
669 1421 956 1466 adolescentes
986 1421 1148 1479 placida
1175 1427 1333 1477 morte,
1363 1427 1409 1465 ut
1440 1434 1622 1477 summo,
1654 1422 1763 1479 quod
1791 1421 2022 1467 hominibus
2053 1424 2300 1479 contingere
2330 1434 2441 1481 pos-

275 1512 363 1562 set,
401 1505 512 1549 bono
543 1505 689 1549 bearit.
753 1505 933 1549 Differre
965 1505 1128 1563 quidem
1159 1510 1376 1562 utrumque
1406 1511 1448 1549 et
1478 1507 1557 1563 ipsi
1592 1505 1793 1560 fatemur3
1842 1504 1918 1550 sed
1948 1506 2007 1549 ita
2037 1504 2202 1564 quidem
2232 1505 2441 1562 differunt,

274 1595 319 1632 ut
355 1593 556 1633 sexcenta
595 1590 638 1631 in
678 1590 856 1631 omnium
896 1589 1079 1644 gentium
1116 1587 1293 1644 fabulis,
1340 1588 1625 1632 diversissima
1662 1588 1734 1632 illa
1776 1602 1853 1647 pro
1891 1594 2148 1647 temporum,
2195 1587 2440 1646 studiorum,

274 1673 481 1717 hominum
523 1672 698 1737 denique
737 1674 779 1715 in
812 1671 959 1716 eodem
990 1671 1143 1730 populo
1176 1686 1333 1717 summa
1375 1673 1603 1717 varietate:
1654 1686 1739 1716 ιιοιι
1775 1677 1821 1715 ut
1860 1686 1933 1727 ea,
1986 1686 2161 1730 quorum
2197 1672 2441 1717 alterutrum

256 1758 312 1803 .si
348 1755 478 1800 semel
509 1756 621 1800 serio
651 1753 835 1813 professi
865 1755 1016 1811 simus,
1061 1754 1234 1799 alterum
1265 1756 1345 1800 nisi
1384 1769 1461 1814 per
1494 1757 1632 1799 iocum
1672 1761 1714 1799 et
1750 1754 1971 1799 ludibrium
2002 1769 2212 1814 nunquam
2247 1755 2441 1816 amplecti

274 1841 491 1897 possimus.
563 1838 624 1881 Ita
657 1838 833 1895 denique
859 1838 1071 1893 differunt,
1111 1844 1156 1882 ut
1186 1840 1223 1883 si
1259 1839 1422 1895 quando
1453 1838 1584 1882 altera
1624 1838 1769 1881 harum
1806 1842 2102 1882 sententiarum
2133 1839 2280 1895 alteri,
2321 1840 2440 1897 quasi

275 1923 442 1979 optione
474 1921 583 1976 data,
615 1920 737 1978 plane
770 1926 882 1964 esset
914 1920 1222 1978 praeponenda,
1253 1922 1336 1964 iam
1371 1921 1440 1964 diu
1476 1928 1572 1965 ante
1603 1921 1844 1979 Euripidem
1875 1923 2009 1979 ipsum
2040 1920 2265 1978 Solonem,
2297 1921 2440 1966 homi-

273 2017 370 2047 nem
403 2005 582 2047 omnium
612 2001 927 2047 Atheniensium
967 2002 1095 2059 longe
1138 2005 1503 2061 sapientissimum,
1554 2005 1721 2048 stetisse
1761 2005 1939 2048 sciamus
1980 2017 2006 2046 a
2047 2004 2232 2062 partibus
2268 2004 2439 2050 huiusce

273 2085 482 2146 Apollinis
524 2085 737 2145 Euripidei
777 2090 922 2130 contra
955 2085 1235 2131 Herodoteam
1274 2086 1387 2131 illam
1424 2085 1634 2131 Iunonem.
1723 2085 1883 2145 Quippe
1926 2086 1996 2145 qui
2037 2087 2168 2132 vitam
2205 2085 2313 2133 Telli
2355 2100 2439 2133 cu-

273 2170 451 2226 iusdam,
484 2171 591 2214 civis
621 2169 914 2225 Atheniensis,
953 2183 1030 2228 per
1055 2169 1225 2228 longam
1257 2183 1456 2214 annorum
1489 2171 1640 2215 seriem
1672 2169 1846 2214 honeste
1880 2169 2147 2229 productam,
2179 2170 2323 2216 subitis
2355 2171 2439 2217 illis

273 2255 468 2297 iuvenum
517 2253 715 2297 mortibus
755 2254 846 2311 ipse
892 2253 1156 2311 praetulerit,
1207 2259 1248 2298 et
1287 2254 1347 2297 illi
1389 2254 1552 2312 quidem
1598 2254 1752 2312 prinias
1794 2253 2007 2298 felicitatis
2054 2253 2258 2298 humanae
2298 2259 2440 2314 partes

275 2336 594 2393 adjudicaverit,
638 2337 702 2382 his
740 2336 1058 2381 adolescentulis
1100 2337 1316 2382 secundas.
1387 2337 1533 2396 Neque
1562 2337 1773 2395 Euripidis
1804 2343 1942 2381 aetate
1974 2344 2233 2396 spectatores
2273 2338 2441 2383 fuerunt

273 2425 358 2464 tam
389 2420 519 2465 ferrei
552 2426 594 2464 et
625 2420 861 2477 gladiatorii
874 2453 888 2475 ,
934 2426 980 2463 ut
1015 2421 1096 2464 nisi
1138 2426 1288 2478 poetae
1331 2421 1481 2477 tragici
1523 2419 1625 2465 deos
1671 2422 1791 2478 quasi
1833 2420 2035 2478 quosdam
2075 2420 2193 2466 silice
2230 2427 2351 2466 natos
2385 2421 2439 2466 iis

274 2504 521 2562 spectandos
552 2509 937 2563 repraesentarent,
979 2503 1200 2548 alterutros
1231 2517 1317 2547 non
1347 2504 1459 2548 serio
1492 2516 1646 2559 agere,
1687 2502 1763 2547 sed
1791 2509 1862 2547 aut
1896 2509 2155 2562 spectatores
2181 2517 2208 2547 a
2234 2502 2313 2549 diis
2339 2503 2440 2561 illis,

274 2591 346 2630 aut
373 2588 487 2645 ipsos
519 2586 622 2632 deos
661 2600 686 2630 a
716 2588 851 2645 poetis
882 2536 1121 2645 ludfltque
1152 2585 1318 2630 irrideri
1348 2585 1461 2630 illico
1494 2586 1817 2644 suspicarentur.

333 2748 378 2795 '¹')
405 2750 451 2788 cf.
466 2751 490 2788 l.
504 2751 527 2788 1.
566 2763 604 2801 p.
619 2748 705 2788 367.
726 2748 815 2788 368.
866 2750 951 2789 Nisi
979 2752 1014 2788 si
1040 2752 1105 2802 qui
1129 2754 1237 2795 sunt,
1270 2752 1334 2801 qui
1362 2763 1408 2788 ex
1432 2763 1499 2796 eo,
1526 2750 1629 2801 quod
1653 2748 1861 2789 Koechlius
1886 2749 2038 2787 nomina
2064 2747 2130 2786 illa
2156 2748 2285 2786 sancte·
2306 2753 2348 2785 et
2373 2748 2439 2786 do-

401 2814 494 2850 mim·
516 2820 557 2850 et
580 2814 736 2860 famuli,
777 2814 917 2865 quibus
943 2813 1081 2865 Apollo
1113 2827 1158 2852 se
1188 2818 1226 2852 et
1254 2813 1454 2852 Admetum
1487 2828 1523 2852 v.
1548 2813 1595 2851 10
1630 2814 1816 2865 appellat,
1863 2812 2069 2851 maioribus
2100 2812 2300 2851 formarum
2333 2814 2439 2864 typis

401 2878 620 2916 excudenda
646 2878 845 2931 curaverit,
872 2880 929 2930 (p.
945 2877 1040 2925 366)
1068 2879 1271 2918 couiiciant
1295 2892 1342 2916 ex
1367 2878 1431 2917 his
1459 2879 1559 2930 ipsis
1583 2878 1808 2915 sanctitatis
1833 2876 2009 2916 laudibus
2036 2874 2219 2916 Koechlio
2241 2880 2440 2928 praeterea

400 2942 544 2992 aliquid
575 2944 809 2993 suspicionis
846 2956 936 2981 esse
970 2948 1107 2988 ortum,
1142 2947 1180 2981 et
1210 2944 1358 2980 tertium
1387 2954 1476 2992 ergo
1514 2942 1678 2992 aliquem
1717 2943 1794 2979 viro
1829 2941 1940 2979 docto
1968 2941 2006 2977 in
2036 2941 2124 2991 ipso
2156 2940 2318 2992 prologo
2344 2952 2436 2979 ecoe

399 3006 576 3044 iniectum
605 3006 833 3058 scrupulum.
860 3027 906 3034 —
945 3005 1021 3046 Sed
1045 3007 1119 3046 hoc
1142 3008 1329 3057 suspicari
1354 3005 1447 3045 mihi
1472 3006 1605 3055 religio
1634 3009 1706 3044 est.

1847 3102 1871 3135 2
