2661 3408
320 287 465 340 reutis,
498 290 541 328 et
568 284 772 328 daemone
802 283 876 328 illo
902 284 1132 328 inferorum
1159 289 1282 342 atque
1307 283 1507 342 Apolline
1535 295 1740 341 apparere
1763 284 1887 340 signa
1914 288 2039 341 atque
2068 282 2233 327 indicia.
2272 281 2353 338 (cf.
2380 290 2495 340 quo

320 373 458 412 annot.
495 382 535 426 p.
550 367 680 422 Pht).
757 367 823 411 De
852 367 1060 425 Apolline,
1090 373 1214 425 atque
1243 367 1426 411 Admeto
1461 366 1673 420 vidimus3
1725 379 1784 409 ex
1817 367 1870 409 iis
1903 367 1948 409 in
1978 365 2201 425 plerosque
2230 367 2352 413 valet
2377 378 2493 410 oont-

320 449 465 496 clusio.
542 449 840 496 Discernendis
878 451 989 494 enim
1027 448 1300 494 nebulonibus
1340 450 1542 493 maiorum
1556 483 1570 504 ,
1615 456 1661 494 ut
1691 451 1749 493 ita
1780 448 1941 506 dicam,
1984 456 2028 493 et
2056 452 2263 495 minorum
2297 449 2493 496 ordinm!

319 532 420 578 nihil
456 535 603 592 egerit.
666 533 755 578 Aut
797 534 903 589 sint,
948 538 1019 577 aut
1061 547 1116 577 ne
1156 534 1262 577 sint:
1309 532 1550 577 alterutrum
1589 548 1767 579 necesse
1807 539 1885 578 est.
1959 530 2013 577 Si
2041 540 2155 579 sunt
2170 552 2187 578 .·
2230 533 2377 580 videat
2411 547 2492 594 por

321 624 420 677 quot
450 617 659 661 hominum
692 624 735 661 et
771 618 943 662 deorum
978 617 1029 661 ab
1061 618 1239 676 antiquis
1280 617 1585 661 celebratorum
1615 620 1727 663 vitas
1760 624 1802 662 et
1835 623 2005 662 naturas
2040 618 2186 662 eadem
2215 620 2323 675 ista,
2366 632 2491 676 qum

317 702 587 761 perstringit,
626 700 780 757 frigida
815 706 856 744 et
883 702 995 745 sicca
1023 706 1166 759 serpat
1196 701 1426 745 animorum
1459 701 1639 745 exilitas.
1704 700 1751 746 Si
1785 715 1880 744 non
1911 705 2050 754 sum,-
2094 714 2289 759 quorsum
2319 701 2491 746 abibunt

322 798 506 829 summae
537 784 635 827 illae
662 784 833 840 laudes,
874 783 1019 843 quibus
1045 784 1211 829 honesti
1226 807 1228 809 ·
1245 784 1305 827 illi
1341 790 1383 827 et
1413 783 1470 827 dii
1506 790 1547 827 et
1582 783 1769 829 homines
1799 785 1842 827 in
1872 783 1952 827 hac
1982 783 2123 828 fabula
2151 798 2279 843 saepe
2313 784 2490 843 praedi-

321 873 417 910 cant
459 868 586 921 istos,
631 880 734 923 quos
775 867 898 921 dicit,
948 867 1258 909 levissimorum
1296 860 1420 923 atque
1461 867 1857 924 improbissimorum
1899 873 2137 924 satyrorum
2177 873 2220 910 et
2252 867 2488 912 Silenorum

320 949 540 994 vicarios?

506 1032 652 1076 Utrum
684 1025 792 1075 vero
824 1034 929 1088 sint,
976 1046 1109 1075 necne
1126 1032 1150 1075 ἱ)
1209 1034 1300 1090 ipse
1346 1038 1461 1075 certe
1499 1032 1724 1076 diiudicare
1756 1032 1953 1076 debebit:
2005 1047 2084 1077 nos
2120 1046 2204 1076 non
2237 1033 2487 1077 audebimus.

325 1114 614 1174 Coqnitionis
646 1116 755 1159 enim
785 1116 919 1171 notis,
952 1114 1098 1174 quibus
1131 1115 1418 1160 discernantur
1452 1113 1503 1159 ab
1532 1114 1762 1160 hominibus
1793 1115 1960 1175 probis,
2002 1117 2129 1161 utitur
2160 1121 2231 1161 aut
2261 1115 2497 1162 submissi:

320 1201 398 1244 mis
435 1205 505 1243 aut
535 1199 670 1244 nullis.
733 1198 841 1243 Nam
881 1199 990 1257 quod
1029 1199 1207 1257 frigidos
1248 1201 1352 1244 istos
1392 1198 1579 1244 homines
1618 1213 1693 1244 eos
1726 1199 1849 1245 docet
1889 1214 2010 1257 esse,
2055 1201 2125 1258 qui
2155 1199 2269 1244 nullo
2307 1200 2490 1259 pietatis,

321 1282 573 1335 honestatis,
605 1284 885 1325 conscientiae
917 1282 1076 1339 pudore
1105 1288 1147 1325 et
1177 1284 1442 1337 reverentia,
1476 1282 1550 1326 sed
1578 1296 1659 1325 una
1690 1285 1765 1326 sui
1795 1297 1896 1326 cura
1929 1289 2203 1338 moveantur,
2244 1289 2286 1326 et
2316 1284 2359 1325 in
2388 1282 2489 1326 solis

321 1365 492 1409 huiusce
530 1367 645 1409 vitae
682 1364 804 1409 bonis
838 1366 997 1409 animos
1034 1364 1195 1409 defixos
1231 1364 1433 1420 habeant,
1484 1366 1525 1409 id
1571 1366 1734 1423 quidem
1771 1380 1864 1410 cum
1896 1368 2060 1410 ratione
2099 1372 2141 1410 et
2180 1367 2322 1424 specie
2353 1365 2491 1423 aliqua

323 1447 575 1506 disputatur,
611 1447 686 1491 sed
717 1447 842 1491 habet
869 1449 1082 1491 cautiones
1110 1448 1320 1506 plurimas.
1384 1449 1635 1492 Praesertim
1674 1449 1743 1492 ubi
1774 1450 1853 1492 hac
1884 1449 1982 1506 lege
2016 1451 2209 1493 metimur
2235 1448 2491 1492 Graecorum

322 1545 392 1575 res
434 1536 476 1574 et
510 1529 673 1574 fabulas
714 1530 936 1588 Euripidis,
1014 1531 1228 1584 Quomodo
1269 1532 1397 1587 igitur
1428 1531 1535 1574 hunc
1581 1531 1719 1576 locum
1753 1534 2009 1589 cogitatione
2052 1535 2184 1591 sepsit
2227 1537 2270 1576 et
2306 1533 2492 1575 circum-

323 1614 523 1671 scripsit?
585 1614 790 1666 Quantum
823 1613 1012 1670 equidem
1045 1627 1261 1671 assequor,
1295 1616 1461 1657 omnino
1494 1615 1619 1658 nullo·
1685 1615 1814 1659 Immo
1830 1648 1845 1670 ,
1882 1617 1939 1658 ita
1971 1629 2047 1674 per
2078 1621 2208 1659 totam
2238 1614 2415 1658 fabulam
2447 1616 2491 1657 in

324 1699 498 1755 aucupio
533 1697 709 1755 quodam
743 1699 876 1753 istiuS,
909 1711 1031 1754 quem
1063 1699 1301 1741 sexcenties
1335 1697 1447 1752 dicit,
1477 1698 1815 1752 „materialismi“
1841 1703 1885 1741 et
1915 1698 2149 1755 „egoismi“
2179 1703 2415 1754 grassatur,
2446 1702 2492 1740 ut

324 1795 591 1838 quaecunque
631 1782 673 1824 in
714 1795 765 1823 ea
806 1786 1033 1838 appareant
1074 1780 1147 1824 vel
1187 1782 1431 1837 optimarum
1470 1794 1609 1823 rerum
1642 1781 1803 1836 studia,
1848 1796 1924 1836 ea,
1965 1781 2185 1825 dummodo
2226 1795 2317 1824 cum
2354 1780 2492 1838 aliqua

325 1878 520 1908 sensuum
557 1864 630 1908 vel
669 1864 877 1907 hominum
915 1864 1190 1907 delectatione
1225 1866 1443 1907 coniuncta
1480 1866 1587 1918 sint,
1632 1864 1683 1907 ah
1727 1878 1807 1919 eo,
1853 1879 1988 1921 paene
2029 1865 2230 1918 dixerim,
2271 1871 2315 1907 ut
2350 1866 2493 1920 paria

321 1953 517 2005 peccata
528 1946 580 2002 ἰ)
613 1945 676 1991 his
705 1945 938 1991 nominibus
969 1952 1174 1990 notentur.
1212 1972 1265 1977 —-
1327 1946 1472 2003 Neque
1512 1962 1565 1990 ne
1597 1947 1638 1990 id
1671 1948 1835 2004 quidem
1866 1962 1923 1991 ex
1955 1950 2044 1992 eius
2077 1949 2277 1991 sententia
2318 1946 2370 1989 ad
2401 1960 2492 1989 rem

325 2029 544 2089 quidquam
576 2029 730 2086 refert,
772 2035 907 2074 utrum
939 2031 1008 2087 qui
1040 2030 1091 2074 iis
1129 2028 1248 2074 bonis
1281 2044 1328 2074 se
1361 2028 1559 2074 delectari
1597 2029 1832 2086 fateantur,
1877 2046 1928 2075 ea
1959 2030 2147 2075 laudibus
2188 2036 2362 2074 tantum·
2381 2028 2493 2073 effe-

325 2118 445 2170 rant,
478 2126 530 2158 an
558 2112 785 2158 honestatis
818 2110 965 2157 officiis
995 2111 1268 2171 praeferant?
1323 2111 1476 2158 Omnes
1504 2112 1676 2171 perinde
1703 2118 1996 2170 contemnere,
2025 2112 2125 2158 nulli
2157 2125 2331 2172 parcere
2362 2110 2494 2157 vide-

325 2203 415 2247 tur,
450 2221 504 2227 —
549 2210 603 2240 ne
642 2196 805 2241 sibimet
835 2197 915 2254 ipsi
946 2195 1122 2254 quidem.
1195 2195 1300 2240 Nam
1336 2209 1429 2239 cum
1461 2201 1503 2239 et
1534 2197 1624 2254 ipse
1655 2195 1859 2240 interdum
1899 2197 2058 2255 cupiat
2088 2210 2138 2240 se
2169 2208 2269 2239 esse
2300 2194 2494 2239 clemen—

327 2287 444 2332 tem,
488 2287 530 2324 et
562 2281 743 2338 aliquam
769 2280 902 2324 laudis
930 2280 1192 2337 cupiditatem
1223 2282 1266 2323 in
1296 2281 1660 2338 praestantissimis
1687 2279 1895 2322 hominum
1925 2280 2080 2322 naturis
2107 2291 2191 2321 non
2223 2277 2359 2321 solum
2384 2291 2496 2321 con-

328 2363 581 2418 donandam,
613 2363 689 2409 sed
721 2364 845 2406 etiam
876 2362 1165 2419 requirendam
1194 2376 1290 2406 esse
1318 2368 1510 2417 censeat,
1551 2362 1659 2405 idem
1691 2362 1774 2406 alio
1801 2362 1895 2405 loco
1925 2376 1976 2404 se
2001 2363 2099 2418 ipse
2132 2360 2271 2404 huius
2295 2362 2498 2404 inertiae

329 2446 619 2497 condemnat,
657 2452 699 2489 et
731 2445 904 2489 eandem
935 2445 1067 2488 laudis
1098 2445 1377 2503 cupiditatem,
1413 2459 1533 2503 quam
1567 2446 1687 2489 alteri
1721 2457 1940 2503 personae,
1973 2445 2052 2487 nisi
2082 2443 2266 2499 deesset,
2301 2445 2344 2488 in
2373 2444 2498 2488 laude

328 2543 376 2573 se
407 2544 502 2573 esse
534 2531 762 2587 positurum
788 2528 964 2584 fatetur,
1006 2529 1148 2583 alteri,
1192 2529 1303 2586 quod
1337 2531 1379 2572 in
1415 2543 1466 2573 ea
1498 2531 1628 2585 inest,
1671 2530 1829 2572 crimini
1861 2528 1930 2571 dat
1959 2533 2001 2570 et
2031 2529 2137 2570 vitio
2170 2529 2313 2571 vertit.
2336 2528 2420 2584 ’ἢ

515 2610 601 2655 Sed
628 2613 885 2666 nesciamus,
918 2616 961 2654 et
992 2613 1181 2669 quinam
1213 2613 1320 2663 sint,
1354 2618 1394 2655 et
1422 2612 1644 2671 quomodo
1676 2612 1727 2655 ab
1760 2611 1850 2655 aliis
1883 2611 2169 2654 discernantur
2198 2610 2498 2655 homunciones

328 2696 420 2749 isti;
461 2697 642 2738 cuinam
674 2694 862 2749 tandem,
908 2693 982 2738 vel
1012 2693 1254 2751 quibusnam
1283 2694 1452 2738 fabulae
1492 2696 1601 2739 illius
1633 2696 1821 2753 personis
1853 2699 1897 2736 ut
1932 2695 2169 2738 contrariae
2201 2694 2499 2753 opponuntur?

328 2777 489 2835 Nempe
524 2776 753 2831 Alcestidi,
796 2782 915 2820 erunt
946 2775 1130 2822 fortasse
1161 2778 1231 2834 qui
1266 2784 1523 2836 exspectent.
1587 2777 1672 2822 Sed
1700 2791 1753 2820 ne
1787 2776 1884 2820 boni
1916 2775 1977 2819 illi
2007 2776 2196 2821 homines
2227 2779 2271 2821 in
2300 2777 2380 2821 hac
2411 2791 2500 2821 ex-

381 2923 426 2966 *)
456 2921 504 2958 cf.
530 2924 638 2964 vota,
680 2920 818 2970 quibus
850 2923 1025 2970 parentes
1051 2920 1209 2967 futuram
1241 2920 1438 2958 liberorum
1466 2921 1624 2957 salutem
1658 2919 1931 2969 amplectuntur
1964 2919 1988 2955 l.
2016 2919 2041 2956 l.
2066 2918 2163 2966 371,
2199 2919 2333 2957 laudes
2360 2919 2499 2971 quibus

456 2986 682 3022 matrimonii
713 2985 836 3022 felicis
859 2984 973 3022 beata
1000 2985 1166 3022 conditio
1195 2984 1403 3022 celebratur
1430 2986 1453 3021 l.
1473 2986 1495 3021 l.
1521 2997 1557 3033 p.
1577 2984 1662 3021 372.

355 3057 426 3102 Η·)
457 3056 504 3095 cf.
533 3054 619 3095 372.
646 3060 683 3095 et
710 3054 796 3095 381.
825 3069 918 3108 quas
946 3056 993 3095 de
1019 3054 1214 3095 Alcestide
1241 3059 1280 3095 et
1304 3056 1462 3095 Hercule
1489 3055 1560 3094 sert
1584 3056 1805 3094 sententias.
